1831 3168
301 220 382 263 166
755 229 798 263 P.
826 228 970 264 ovlm
997 226 1214 264 NASONIS

209 325 274 356 250
357 321 398 353 te
424 325 652 353 memorem
679 309 873 352 dominae
900 309 1120 352 testificere
1146 317 1257 351 tuae.

299 369 476 423 turpiter
501 367 564 408 his
591 367 744 408 emitur
768 381 863 422 spes
888 367 1033 407 mortis
1058 374 1098 408 et
1123 367 1226 408 orba
1251 374 1457 408 senectus.

357 441 399 471 a,
426 432 619 479 pereant,
646 438 720 478 per
745 437 850 477 quos
875 438 1051 465 munera
1076 423 1232 465 crimen
1259 423 1433 466 habent!

299 481 400 534 quid
426 480 500 521 tibi
526 480 783 535 praecipiam
808 488 973 522 teneros
999 494 1167 534 quoque
1192 480 1356 522 mittere
1382 481 1556 522 versus?

356 537 392 578 ci
418 537 538 585 mihi,
565 551 647 578 non
674 537 854 578 multum
880 551 1049 578 carmen
1074 536 1243 578 honoris
1269 537 1409 578 habet.

208 607 271 637 ‘2223
298 594 482 635 carmina
506 593 745 642 laudantur,
771 593 845 635 sed
869 608 1044 635 munera
1069 608 1224 649 magna
1248 602 1465 648 petuntur:

356 650 584 691 dummodo
609 650 661 691 sit
688 650 824 700 dives,
851 650 1055 691 barbarus
1080 651 1171 705 ipse
1196 650 1346 705 placet.

299 723 426 749 aurea
452 715 548 748 sunt
573 722 670 749 vere
695 721 807 748 nunc
833 708 1014 749 saecula.
1074 707 1279 762 plurimus
1305 722 1407 748 auro

354 764 467 805 venit
494 764 644 813 honos3
671 778 772 805 auro
799 764 1045 805 conciliatur
1070 779 1200 805 amor.

298 821 387 876 ipsc
413 821 506 862 licet
533 821 676 862 venias
702 821 841 862 Musis
868 821 1110 870 comitatus,
1138 822 1337 870 Homere,

208 891 272 922 ‘280
355 878 388 918 si
413 878 515 918 nihil
541 877 751 926 attuleris,
777 877 877 926 ibis,
904 878 1110 926 Homere,
1136 878 1261 919 foras.

300 943 395 975 sunt
423 944 562 976 tamen
589 942 628 976 et
655 935 821 983 doctae,
847 934 1062 975 rarissima
1086 934 1228 983 turba,
1254 935 1439 989 puellae:

356 992 485 1032 altera
510 1006 594 1032 non
621 991 769 1033 doctae
794 991 938 1040 turba,
965 991 1039 1032 sed
1065 1006 1155 1033 esse
1181 991 1340 1032 volunt.

299 1056 477 1101 utraque
502 1048 697 1090 laudetur
721 1063 797 1103 per
822 1048 1020 1089 carmina.
1081 1048 1268 1089 carmina
1292 1049 1423 1090 lector

356 1105 619 1146 commendet
645 1105 757 1146 dulci
783 1105 1107 1159 qualiacumque
1134 1119 1249 1146 sono.

209 1174 273 1205 285
299 1160 362 1202 his
390 1176 490 1215 ergo
516 1169 589 1203 aut
613 1161 692 1202 illis
718 1161 939 1216 vigilatum
965 1176 1133 1203 carmen
1158 1162 1200 1202 in
1226 1162 1337 1217 ipsas

355 1218 531 1259 forsitan
557 1218 699 1273 exigui
725 1218 909 1259 muneris
935 1218 1066 1259 instar
1092 1219 1180 1259 erit.

299 1283 341 1315 at
366 1275 479 1328 quod
505 1275 586 1316 eris
611 1290 686 1330 per
710 1282 750 1317 te
774 1274 962 1316 facturus
990 1283 1030 1316 ct
1056 1276 1156 1316 utile
1182 1275 1331 1323 credis,

355 1332 398 1372 id
423 1339 496 1372 tua
520 1339 560 1372 te
586 1332 714 1372 facito
741 1346 905 1386 semper
931 1331 1065 1373 amica
1089 1340 1221 1386 roget.

296 1388 467 1430 libertas
493 1388 616 1429 alicui
643 1388 769 1429 fuerit
793 1388 1000 1442 promissa
1024 1396 1212 1429 tuorum:

209 1457 273 1489 ‘290
355 1445 464 1486 hanc
489 1452 630 1487 tamen
655 1460 679 1486 a
705 1445 874 1485 domina
899 1445 966 1486 fac
991 1453 1104 1499 petat
1130 1445 1199 1486 ille
1224 1453 1310 1486 tua.

299 1501 332 1542 si
357 1516 538 1556 poenam
564 1516 704 1552 servo,
731 1502 765 1543 si
791 1501 960 1542 vincula
985 1516 1112 1543 saeva
1136 1501 1325 1549 remittis,

355 1558 469 1611 quod
494 1558 682 1599 facturus
709 1573 822 1608 eras,
849 1559 1001 1599 debeat
1025 1559 1096 1599 illa
1120 1558 1209 1599 tibi.

298 1615 455 1656 utilitas
481 1622 554 1656 tua
581 1616 651 1656 sit:
678 1615 823 1656 titulus
851 1615 1029 1656 donetur
1054 1615 1226 1656 amicae.

354 1672 483 1727 perde
509 1671 630 1713 nihil:
657 1672 786 1727 partis
812 1672 883 1713 illa
908 1672 1090 1727 potentis
1116 1679 1228 1727 agat.

209 1742 272 1773 295
301 1729 374 1771 sed
400 1737 459 1777 te,
487 1729 739 1783 cuicumque
765 1737 826 1771 est
850 1729 1094 1771 retinendae
1119 1743 1219 1770 cura
1243 1729 1423 1784 puellae,

356 1786 579 1827 attonitum
603 1786 740 1827 forma
764 1786 832 1827 fac
856 1794 975 1840 putet
1002 1801 1092 1827 esse
1118 1801 1206 1827 sua.

299 1842 385 1883 sive
412 1843 490 1884 erit
514 1842 556 1883 in
582 1843 742 1897 Tyriis,
768 1843 920 1896 Tyrios
945 1843 1140 1884 laudabis
1166 1842 1360 1884 amictus:

355 1899 444 1940 sive
469 1899 544 1940 erit
570 1899 612 1940 in
640 1898 760 1947 Cois,
789 1899 880 1940 Coa
905 1900 1052 1941 decere
1078 1907 1193 1954 puta.

300 1962 448 1996 aurata
474 1956 562 1996 est?
599 1955 689 2009 ipso
716 1955 791 1996 tibi
819 1956 868 1996 sit
895 1955 1114 2010 pretiosior
1140 1970 1255 1996 auro.

209 2027 274 2058 300
356 2027 546 2067 gausapa
572 2012 605 2052 si
631 2012 828 2066 sumpsit,
853 2026 1044 2066 gausapa
1070 2020 1237 2066 sumpta
1261 2011 1407 2065 proba.

299 2068 473 2110 astiterit
500 2069 704 2117 tunicata,
731 2075 894 2110 ‘moves
919 2068 1130 2110 incendia'
1158 2069 1307 2117 clama,

358 2126 432 2166 sed
458 2125 622 2173 timida,
649 2134 793 2166 caveat
821 2125 997 2179 frigora,
1025 2139 1127 2166 voce
1152 2139 1265 2180 roga.

299 2182 562 2237 conpositum
587 2182 809 2223 discrimen
835 2182 930 2222 erit:
958 2181 1199 2223 discrimina
1223 2181 1367 2230 lauda3

356 2239 521 2280 torserit
543 2239 642 2293 igne
669 2254 850 2280 comam:
878 2247 984 2280 torte
1010 2238 1178 2293 capille‚
1203 2238 1334 2293 place.

209 2310 272 2341 305
300 2295 472 2337 brachia
523 2296 733 2344 saltantis,
760 2310 904 2337 vocem
931 2296 1081 2336 mirare
1108 2295 1309 2343 canentis,

358 2361 417 2401 et,
443 2352 556 2406 quod
583 2353 772 2401 desierit,
799 2352 928 2394 verba
953 2352 1166 2406 querentis
1192 2351 1313 2393 habe.

299 2410 412 2465 ipsos
438 2409 707 2459 concubitus,
732 2409 871 2464 ipsum
896 2423 1094 2450 venerere
1119 2408 1260 2450 licebit

357 2466 471 2519 quod
495 2467 631 2515 iuvat,
658 2475 700 2508 et
724 2466 926 2521 praedam
951 2466 1110 2521 gaudia
1133 2465 1266 2506 noctis
1292 2464 1415 2506 habe.

300 2532 343 2563 ut
371 2522 498 2564 fuerit
521 2530 641 2564 torva
665 2523 885 2565 violentior
908 2522 979 2564 illa
1009 2522 1206 2571 Medusa,

210 2593 275 2623 31«)
356 2579 425 2620 fiet
453 2579 629 2621 amatori
653 2580 758 2621 lenis
785 2588 825 2621 et
851 2593 986 2633 aequa
1010 2594 1099 2620 suo.

301 2645 482 2684 tantum,
508 2651 560 2678 ne
585 2644 732 2691 pateas
757 2636 897 2677 verbis
923 2636 1140 2677 simulator
1164 2635 1207 2676 in
1232 2634 1326 2684 illis,

359 2693 497 2741 effice,
523 2707 601 2734 nec
626 2693 743 2734 vultu
769 2693 936 2734 destrue
963 2693 1074 2734 dicta
1099 2700 1186 2733 tuo.

301 2748 334 2789 si
359 2749 458 2789 latet
485 2764 570 2799 ars,
597 2749 787 2803 prodest:
814 2749 949 2791 adfert
976 2748 1182 2803 deprensa
1205 2747 1411 2803 pudorem
