1831 3168
392 309 546 346 ARTIS
572 311 876 347 AMATORIAE
902 311 998 346 LIB.
1026 311 1054 345 I.
1084 311 1274 346 166—253.

203 393 388 447 telaque,
415 393 469 434 ab
495 407 642 434 averso
668 407 775 447 quae
800 393 898 435 iacit
922 393 1051 435 hostis
1078 407 1199 447 equo.

145 451 218 504 qui
246 450 358 505 fugis
384 457 431 491 ut
457 450 619 499 vincas,
646 450 747 504 quid
774 450 896 499 victo,
922 449 1101 499 Partho,
1127 448 1353 503 relinquis?

202 507 382 555 l'arthe,
408 507 602 547 ιιιιιΙιιιιι
592 522 675 547 ιιιιιι
702 522 812 549 nunc
839 508 899 547 M
892 523 958 548 :ris
985 517 1080 548 tuus
1107 522 1231 548 omen
1256 506 1395 547 habet.

146 578 247 618 crgo
274 564 351 605 crit
377 564 447 604 illa
474 564 584 613 dics,
611 577 694 617 qua
721 573 786 612 tu,
812 564 1092 619 pulcherrime
1118 578 1272 612 rerum,

204 629 402 674 quattuor
426 621 468 661 in
494 620 625 661 niveis
653 636 804 661 aureus
830 621 908 662 ibis
935 620 1073 685 equ-is!

146 677 268 717 ibunt
294 685 389 718 ante
416 677 544 718 duces
571 678 732 718 onerati
757 678 864 718 colla
890 678 1060 726 catenis,

203 749 255 775 nc
281 735 441 788 possint
467 734 564 782 tuti,
591 748 674 788 qua
699 735 832 789 priuS‚
859 749 949 775 esse
976 734 1092 789 fuga.

145 791 398 845 spectabunt
422 791 520 832 lacti
546 791 718 832 iuvenes
745 791 985 844 mixtaeque
1011 790 1191 845 puellae,

204 847 497 901 diffundctquc
524 847 686 888 animos
712 847 906 888 omnibus
931 848 1011 888 ista
1037 846 1139 888 dies.

145 911 271 958 atquc
298 904 439 958 aliqua
464 919 515 945 cx
541 904 621 945 illis
648 919 743 945 cuin
769 919 918 959 regum
943 903 1113 944 nomina
1139 911 1325 956 quaeret,

202 974 310 1014 quae
336 961 447 1009 loca,
473 961 544 1014 qui
570 969 752 1010 monteS,
779 975 941 1015 quaeve
968 960 1192 1001 ferantur‹
1181 973 1329 1013 aquae,

145 1017 286 1058 omnia
311 993 532 1072 responde.
594 1033 672 1059 ncc
697 1026 857 1058 tantum
885 1017 1005 1071 siqua
1030 1016 1215 1071 rogabit3

203 1082 244 1115 et
269 1089 378 1128 quae
404 1074 621 1124 nescieris,
650 1083 692 1115 ut
719 1074 824 1115 bene
850 1083 950 1114 nota
974 1053 1104 1115 refeff

145 1129 213 1172 hic
239 1139 300 1172 cst
327 1130 587 1186 Euphrates,
613 1132 877 1186 praecinctus
903 1130 1138 1171 harundine
1165 1130 1364 1173 frontem:

204 1188 271 1228 cui
297 1202 417 1229 coma
443 1188 650 1243 dependet
677 1188 856 1236 caerula,
883 1187 1024 1243 Tigris
1050 1187 1145 1228 erit:

144 1245 220 1286 hos
246 1244 351 1286 facis
376 1245 621 1286 Armenios:
648 1245 751 1286 haec
778 1254 840 1286 est
866 1244 1059 1285 Danac'i'a
1084 1244 1248 1286 Persis:

203 1301 304 1343 urbs
329 1301 372 1342 in
397 1301 696 1343 Achaemeniis
722 1302 903 1343 vallibus
928 1302 1007 1343 ista
1032 1301 1124 1342 fuit.

143 1358 213 1399 ille
239 1358 305 1399 vel
330 1358 418 1407 ille,
445 1358 586 1400 duces.
649 1366 689 1400 et
715 1366 836 1400 erunt
861 1373 970 1412 quae
995 1358 1165 1400 nomina
1191 1358 1318 1408 dicas,

203 1415 238 1456 si
265 1415 441 1470 poteris,
468 1430 584 1456 vere:
613 1415 647 1456 si
673 1415 831 1465 minus,
859 1425 956 1470 apta
982 1424 1137 1457 tamen.
1164 1439 1220 1444 —

145 1472 247 1512 dant
273 1472 398 1513 etiam
424 1472 568 1526 positis
594 1472 756 1513 aditum
782 1473 976 1514 convivia
1001 1473 1174 1514 mensis:

203 1536 265 1569 est
291 1528 449 1582 aliquid
474 1537 640 1594 praeter
665 1530 782 1578 vina,
810 1530 922 1583 quod
948 1530 1045 1571 inde
1070 1537 1203 1584 petas.

145 1600 271 1640 saepe
296 1585 380 1626 illic
405 1586 529 1640 positi
555 1586 708 1628 te11e1is
734 1586 916 1627 adducta
941 1587 1107 1628 lacertis

203 1656 439 1697 purpureus
466 1642 625 1683 Bacchi
651 1657 807 1684 cornua
832 1643 983 1697 pressit
1009 1643 1163 1684 Amor:

145 1699 328 1753 xinaque
354 1712 450 1739 cum
477 1698 643 1740 bibulas
670 1714 858 1754 sparsere
887 1698 1108 1754 Cupidinis
1135 1699 1236 1749 alas,

204 1763 423 1810 permanet
448 1762 489 1796 ct
514 1763 636 1811 capto
663 1763 744 1796 stat
769 1756 910 1811 gravis
935 1756 1003 1797 ille
1028 1757 1133 1797 loco.

144 1812 213 1853 ille
240 1812 411 1865 quidem
436 1812 586 1866 pinnas
612 1812 811 1854 velociter
836 1813 995 1854 excutit
1019 1813 1143 1854 udas:

205 1869 278 1910 sed
304 1877 444 1910 tamen
470 1877 511 1910 et
535 1869 676 1924 spargi
702 1878 848 1924 pectus
875 1884 1016 1911 amore
1042 1878 1178 1912 nocet.

145 1926 244 1967 vina
269 1933 418 1980 parant
443 1926 604 1967 animos
630 1927 875 1980 faciuntque
902 1926 1111 1968 caloribus
1137 1934 1276 1982 aptos:

204 1997 304 2023 cura
328 1982 439 2037 fugit
464 1983 595 2023 inulto
622 1983 877 2036 diluiturque
903 1998 1032 2024 mero.

144 2047 245 2081 tunc
270 2039 443 2080 ιειιίιιιιι
468 2039 596 2088 fisus,
623 2047 712 2080 tum
737 2055 899 2095 pauper
924 2055 1081 2081 cornua
1106 2040 1248 2089 sumit,

202 2104 291 2137 tum
318 2096 436 2137 dolor
462 2104 502 2138 et
528 2111 653 2138 cuiae
679 2111 870 2152 iugaque
896 2097 1045 2138 frontis
1073 2097 1173 2138 abit.

144 2162 245 2194 tunc
270 2153 405 2208 aperit
430 2161 592 2195 mentes
617 2168 722 2195 aevo
747 2153 960 2195 rarissima
985 2161 1127 2195 nostro

202 2209 468 2264 simplicitas,
494 2218 604 2251 artes
629 2210 867 2252 excutiente
894 2211 985 2252 deo.

143 2266 227 2307 illic
253 2280 379 2320 saepe
404 2266 566 2307 animos
592 2267 793 2308 iuvenum
817 2282 994 2322 rapuere
1019 2266 1199 2321 puellae,

203 2330 243 2364 et
267 2323 416 2364 Venus
441 2322 484 2363 in
509 2322 616 2364 vinis
641 2323 750 2378 ignis
776 2324 818 2364 in
844 2324 943 2378 igne
968 2323 1061 2364 fuit.

143 2379 212 2420 hic
238 2387 283 2420 tu
307 2379 447 2420 fallaci
471 2379 648 2420 nimium
672 2394 724 2420 ne
750 2380 872 2421 crede
896 2380 1092 2421 lucernae
1101 2395 1112 2429 3

202 2436 358 2477 iudicio
383 2435 543 2477 formae
568 2450 737 2490 noxque
762 2450 1010 2489 merumque
1035 2443 1200 2477 nocent.

145 2494 238 2534 luce
264 2492 365 2533 deas
391 2493 590 2546 caeloque
615 2492 737 2533 Paris
764 2494 968 2547 spectavit
993 2500 1151 2548 aperto,

204 2564 299 2590 cum
326 2549 430 2589 dixit
455 2549 612 2591 Veneri
639 2549 788 2590 ‘vincis
814 2558 1056 2603 utramque,
1082 2548 1258 2591 Venus.’

145 2614 269 2647 nocte
295 2607 426 2647 latent
450 2606 648 2655 mendae,
674 2606 859 2659 vitioque
884 2606 1116 2661 ignoscitur
1140 2605 1267 2655 omni,

204 2662 392 2716 horaque
416 2661 644 2703 formosam
669 2663 899 2716 quamlibet
923 2663 996 2704 illa
1019 2663 1132 2704 facit.

148 2719 320 2761 consule
346 2719 397 2760 de
422 2719 620 2774 gemmis,
647 2719 698 2761 de
724 2720 854 2761 tincta
878 2720 1036 2761 murice
1061 2720 1171 2768 lana,

206 2775 378 2817 consule
404 2775 455 2816 de
480 2775 587 2818 facie
612 2776 940 2831 corporibusque
965 2776 1088 2818 diem.
1113 2800 1171 2805 —-

148 2832 253 2888 quid
278 2832 353 2873 tibi
378 2831 581 2875 femineos
607 2843 750 2875 coetus
778 2833 997 2876 venatibus
1023 2841 1144 2889 aptos

1221 2900 1287 2935 10*

1439 301 1520 343 147

1543 2676 1610 2708 2ῦο
