1831 3168
352 229 575 266 AMORUM
600 230 696 264 Llss.
724 230 792 265 111.
820 229 906 274 VII,
931 227 1128 269 22-vm,
1155 228 1210 261 22.

154 312 343 367 turpiter,
371 311 568 353 hesterna
592 312 858 367 languidiora
883 325 997 351 rosa:

97 383 206 423 quae
231 383 364 418 nunc,
391 383 508 417 cccc,
534 369 679 423 vigent
704 368 1000 423 intempestiva
1025 367 1269 419 valentque:

155 440 269 466 nunc
295 439 401 480 opus
428 435 661 491 exposcunt
687 426 964 479 militiamque
990 439 1123 465 suam.

98 482 201 535 quin
226 482 319 523 istic
345 483 629 538 pudilz'nuidt
619 497 750 532 laces,
777 498 874 538 pars
899 481 1081 537 pessima
1106 479 1262 521 nostri?

156 539 215 580 sic
241 554 334 580 sum
360 539 555 595 pollicitis
581 547 729 595 captus
756 548 796 581 et
822 547 918 579 ante
945 538 1041 579 tuis.

98 604 143 636 tu
171 596 388 637 dominum
414 597 544 645 fallis,
570 611 645 651 per
670 604 710 638 te
736 595 1003 650 deprensus
993 595 1164 635 inermis

157 653 291 694 tristia
317 668 412 694 cum
439 668 594 708 magno
620 653 775 693 damna
800 652 960 706 pudore
987 652 1075 691 tuli.

99 709 208 751 lianc
235 710 361 751 etiam
386 724 470 751 non
497 717 559 751 cst
584 724 677 750 mea
703 709 933 762 dedignata
958 708 1099 761 puella

158 767 338 808 molliter
363 767 515 808 admot
508 782 532 807 ι
558 766 720 806 soll1e1t
712 780 781 806 ue
807 779 949 805 manu.

101 824 175 865 sed
200 832 425 879 postquam
450 823 586 863 nullas
613 836 868 876 consurgere
892 835 1016 876 posse
1043 835 1117 875 per
1143 827 1254 860 altes

157 880 517 933 inmemoremque
545 879 609 920 sui
634 878 910 944 procubuisse
936 878 1063 926 videt,

101 937 222 992 ‘quid
248 951 314 978 me
339 936 494 977 ludis?’
521 936 597 986 ait,
625 936 739 990 ‘quis
765 944 825 985 te,
850 935 960 976 male
987 949 1108 982 sane,
1133 932 1307 974 iubebit

156 994 337 1035 invitum
362 1001 505 1034 nostro
531 1008 688 1049 ponere
714 992 905 1034 membra
929 992 1045 1033 toro?

101 1060 175 1093 aut
199 1058 239 1093 te
264 1051 448 1092 traiectis
475 1052 622 1092 Aeaea
646 1050 834 1092 venefica
860 1049 966 1090 lanis

159 1109 358 1157 devovet,
385 1115 457 1148 aut
483 1108 563 1149 alio
588 1108 724 1148 lassus
751 1121 893 1148 amore
919 1105 1063 1147 venis.'

101 1180 180 1207 nec
205 1179 342 1206 mora:
370 1164 539 1207 desiluit
566 1165 708 1206 tunica
733 1165 872 1205 velata
898 1163 1054 1204 soluta:

161 1230 201 1264 et
227 1222 369 1263 decuit
392 1222 529 1263 nudos
555 1221 812 1277 proripuisse
838 1221 980 1276 pedes.

102 1294 209 1321 neve
236 1294 336 1320 suae
361 1286 534 1334 possent
558 1279 760 1320 intactam
787 1278 892 1319 scire
918 1277 1148 1326 ministrae,

161 1335 345 1378 dedecus
369 1335 450 1378 hoc
476 1343 647 1391 sumpta
674 1335 955 1377 dissimulavit
982 1349 1104 1388 aqua.

728 1483 855 1526 VIII.

104 1563 162 1605 Et
186 1563 410 1618 quisquam
436 1564 642 1618 ingenuas
669 1564 912 1605 eti-unnunc
938 1561 1111 1616 suspicit
1138 1566 1247 1601 artes

162 1630 234 1662 aut
259 1628 452 1663 tenerum
478 1621 596 1661 dotes
623 1635 792 1662 carmen
818 1619 974 1660 habere
1000 1617 1146 1673 putat?

103 1678 323 1734 ingenium
347 1677 501 1731 quond·
494 1693 562 1718 ιιιι
588 1676 726 1719 fuerat
751 1676 976 1731 pretiosius
1003 1689 1125 1716 aulo:

163 1743 203 1776 at
230 1749 343 1775 nunc
370 1734 565 1775 barbarii,
591 1742 653 1775 est
677 1733 871 1789 glandis,
898 1733 1054 1774 habere
1079 1731 1196 1772 nihil.

106 1808 203 1834 cum
228 1791 404 1847 pulchre
430 1791 624 1832 dominae
650 1790 782 1832 nostri
807 1790 1004 1854 placuere
1029 1789 1173 1835 libelli,

164 1863 248 1903 quo
273 1848 390 1890 licuit
415 1848 556 1897 libris,
582 1862 667 1889 non
691 1847 823 1888 licet
813 1862 874 1888 lre
898 1847 1013 1887 mihi.

106 1921 203 1948 cum
229 1906 336 1947 bene
360 1905 568 1953 laudavit,
594 1905 765 1946 laudato
790 1904 918 1945 ianua
944 1904 1087 1944 clausa
1113 1909 1196 1944 est:

163 1963 341 2018 turpiter
364 1962 448 2003 huc
473 1962 610 2002 illuc
600 1962 844 2017 mgeniosus
871 1975 934 2002 eo.

107 2034 224 2069 ecce,
251 2034 396 2061 lecens
423 2019 493 2060 div
497 2034 540 2060 es
565 2028 685 2074 parto
711 2034 786 2084 per
810 2018 985 2059 vulnera
1011 2032 1140 2059 censu

163 2076 400 2132 praefertur
424 2076 546 2117 nobis
573 2076 778 2131 sanguine
803 2082 950 2130 pastus
977 2073 1125 2128 eques!

108 2134 221 2175 hunc
246 2141 365 2188 potes
392 2133 590 2188 amplecti
614 2133 830 2182 formosis,
856 2132 963 2182 vita,
988 2131 1182 2172 lacertis?

167 2190 327 2231 huius
316 2206 360 2231 1n
385 2191 605 2245 amplexu,
632 2191 738 2238 vita,
764 2190 901 2230 iacere
927 2188 1073 2243 potes?

110 2249 144 2289 si
169 2247 327 2296 nescis,
354 2256 481 2301 caput
505 2246 585 2287 hoc
609 2247 776 2301 galeam
801 2252 969 2301 portare
995 2244 1174 2286 solebat·

169 2319 268 2346 ense
293 2304 403 2344 latus
429 2303 632 2351 cinctum,
659 2303 773 2357 quod
798 2302 873 2343 tibi
899 2301 1044 2350 servit,
1072 2309 1173 2342 erat.

111 2363 233 2403 laeva
257 2375 427 2409 manus,
455 2360 523 2401 cui
548 2374 660 2401 nunc
686 2375 826 2401 serum
851 2359 959 2400 male
986 2358 1181 2399 convenit
1208 2373 1373 2406 aurum,

170 2425 290 2459 scuta
314 2417 423 2458 tulit.
484 2417 676 2458 dextram
701 2424 849 2471 tange:
877 2423 1051 2457 cruenta
1076 2415 1169 2455 fuit.

112 2490 198 2529 qua
223 2474 346 2530 periit
370 2474 541 2527 aliquis,
568 2481 687 2528 potes
712 2473 821 2514 hanc
847 2472 1091 2525 contingere
1118 2472 1334 2513 dextram?

172 2532 276 2581 heu,
301 2531 374 2572 ubi
400 2530 596 2572 mollities
620 2530 802 2585 pectoris
827 2530 899 2570 illa
923 2529 1010 2570 tui?

115 2603 239 2631 cerne
265 2588 498 2637 cicatrices,
525 2587 677 2629 veteris
703 2586 883 2641 vestigia
907 2601 1094 2641 pugnae.

172 2645 411 2699 quaesitum
436 2652 499 2686 est
523 2644 583 2685 illi
608 2658 801 2699 corpore,
811 2623 1029 2697 Oquicquid
1055 2643 1196 2684 h·.ibet

116 2703 292 2745 forsitan
317 2709 377 2750 et,
402 2701 597 2756 quotiens
623 2701 836 2742 hominem
861 2700 1132 2755 iugulaverit,
1158 2699 1227 2741 ille

174 2758 350 2801 indicet!
387 2757 467 2801 hoc
493 2758 627 2800 fassas
653 2757 811 2813 tangis,
839 2773 985 2808 avara,
1011 2757 1187 2798 manus?

188 2826 267 2855 Ovidi
279 2825 327 2853 col.
342 2826 366 2852 Ι.
1243 2823 1264 2857 9

1387 216 1470 258 1⁶29

1515 2086 1556 2116 10

1517 2370 1557 2399 15
