1831 3168
296 245 380 288 124
755 253 799 287 P.
827 252 974 290 ov1D1
999 251 1217 288 NAsOle

293 337 398 380 colle
425 338 505 379 sub
531 336 673 392 aprico
700 335 981 378 creberrimus
1006 335 1102 378 ilice
1126 335 1248 377 lucus

351 395 509 443 stabat,
535 402 577 435 et
601 393 646 434 in
670 393 797 435 ramis
823 393 958 434 multa
982 393 1141 434 latebat
1168 393 1270 434 avis.

245 467 266 495 5
294 467 391 494 arca
415 451 635 505 gramineo
662 451 835 492 suberat
859 449 1116 491 viridissima
1140 457 1274 505 prato,

349 508 495 549 umida
520 507 572 549 de
597 507 730 562 guttis
755 508 850 549 lene
876 507 1063 548 sonantis
1091 521 1239 561 aquae.

292 566 382 620 ipse
409 565 488 606 sub
514 564 701 606 arboreis
728 565 916 606 vitabam
942 564 1164 605 frondibus
1191 570 1376 606 aestum:

348 621 498 664 fronde
524 621 603 663 sub
630 608 809 664 arborea
834 621 908 664 sed
933 629 1075 663 tamen
1101 628 1242 663 aestus
1269 629 1372 662 erat.

293 693 410 729 ecce,
435 686 583 734 petens
608 679 735 721 variis
761 679 974 720 immixtas
1000 679 1174 721 floribus
1201 677 1353 720 herbas

226 752 267 781 10
350 736 535 778 constitit
561 744 658 778 ante
684 737 828 778 oculos
855 736 1036 778 candida
1060 750 1192 777 vacca
1216 749 1347 784 meOS,

293 794 511 835 candidior
536 794 726 844 nivibus,
753 802 854 835 tunc
880 808 978 836 cum
1003 793 1192 835 cecidere
1217 800 1420 839 recentes,

349 851 392 892 in
417 851 599 905 liquidas
625 851 816 892 nondum
841 865 947 906 quas
972 865 1092 892 mora
1117 850 1243 893 vertit
1268 864 1419 904 aquas:

293 908 523 958 candidior,
550 908 664 963 quod
690 908 830 950 adhuc
857 909 1017 963 spumis
1043 907 1318 949 stridentibus
1345 907 1471 955 albet,

350 974 391 1008 ct
415 966 541 1007 modo
568 966 788 1015 siccatam,
813 965 944 1015 lacte,
970 965 1141 1019 reliquit
1166 979 1302 1006 ovem.

227 1038 267 1068 15
294 1031 439 1064 taurus
466 1031 556 1065 erat
581 1038 721 1065 comes
749 1023 865 1073 huic,
891 1022 1070 1064 feliciter
1094 1022 1163 1064 ille
1189 1021 1378 1069 maritus,

351 1095 533 1135 cumque
559 1096 636 1122 sua
661 1088 850 1123 teneram
875 1080 1055 1135 coniuge
1080 1079 1233 1135 pressit
1257 1079 1445 1120 humum.

294 1138 396 1179 dum
421 1138 530 1179 iacet
556 1146 597 1180 et
621 1139 733 1180 lente
758 1145 977 1180 revocatas
1003 1137 1188 1178 ruminat
1214 1136 1367 1178 herbas

350 1202 478 1250 atque
503 1195 656 1237 iterum
681 1203 801 1250 pasto
827 1195 1014 1250 pascitur
1040 1202 1137 1236 ante
1163 1194 1272 1242 cibo,

293 1252 409 1294 visus
435 1260 543 1302 erat,
571 1267 718 1294 somno
743 1252 853 1294 vires
880 1252 1111 1302 adimente,
1139 1251 1291 1293 fcrenti

226 1324 269 1354 20
352 1310 621 1364 cornigerum
646 1317 758 1351 terra
783 1309 1030 1364 deposuisse
1057 1316 1197 1364 caput.

293 1366 376 1408 huc
401 1367 566 1408 levibus
593 1367 737 1409 cornix
763 1367 901 1422 pinnis
929 1367 1102 1421 delapsa
1126 1381 1201 1421 per
1226 1380 1350 1407 auras

351 1424 466 1466 venit
491 1431 533 1465 et
556 1424 601 1465 in
625 1424 750 1465 viridi
774 1424 946 1479 garrula
971 1423 1079 1465 sedit
1103 1423 1232 1464 humo

294 1489 442 1535 terque
467 1481 587 1523 bovis
613 1481 761 1522 niveae
787 1481 992 1536 petulanti
1017 1488 1190 1536 pectora
1213 1486 1348 1521 rostro

352 1538 459 1579 fodit
484 1546 526 1580 et
551 1539 730 1580 albentis
757 1538 930 1579 abstulit
955 1552 1026 1579 ore
1051 1538 1187 1579 iubas.

226 1610 268 1640 25
294 1595 366 1636 illa
390 1596 534 1647 lkocum
561 1603 815 1650 taurumque
841 1595 914 1636 diu
940 1601 1137 1637 cunctata
1161 1593 1378 1649 relinquit:

352 1653 427 1695 sed
452 1653 574 1708 niger
598 1654 641 1694 in
666 1667 823 1694 vaccae
848 1659 1018 1708 pectore
1044 1652 1151 1693 livor
1176 1658 1277 1693 erat.

295 1717 425 1765 utque
450 1711 597 1766 procul
622 1710 727 1752 vidit
753 1717 973 1765 carpentes
999 1709 1158 1765 pabula
1182 1716 1325 1750 tauros

353 1767 604 1823 (carpebant
629 1767 739 1809 tauri
764 1767 923 1822 pabula
947 1768 1059 1808 laeta
1083 1766 1266 1822 procul),

295 1824 394 1866 illuc
420 1840 464 1867 se
489 1825 631 1880 rapuit
655 1825 944 1880 gregibusque
970 1823 1185 1866 inmiscuit
1209 1823 1290 1865 illis

227 1897 270 1927 30
355 1889 393 1923 et
419 1882 541 1937 petiit
565 1881 722 1923 herbae
748 1881 962 1923 fertilioris
987 1881 1179 1922 humum.

298 1939 365 1980 dic
391 1954 491 1994 age,
518 1946 749 1980 nocturnae
775 1939 1032 1992 quicumque
1059 1954 1103 1980 es
1128 1937 1326 1993 imaginis
1352 1952 1502 1992 augur,

354 1996 494 2049 siquid
519 1995 677 2037 habent
701 1995 810 2044 veri,
835 1995 927 2036 visa
952 1995 1056 2048 quid
1080 1995 1161 2036 ista
1185 1994 1350 2036 ferant?

297 2053 357 2095 sic
383 2067 476 2108 ego.
537 2060 770 2094 nocturnae
796 2052 855 2094 sic
881 2052 987 2093 dixit
1010 2051 1206 2107 imaginis
1233 2066 1370 2106 augur

354 2109 597 2165 expendens
623 2110 764 2151 animo
791 2109 959 2164 singula
985 2109 1096 2150 dicta
1121 2123 1219 2150 suo:

228 2183 270 2214 35
299 2171 447 2222 ‘quem
473 2173 519 2208 tu
544 2166 772 2208 mobilibus
799 2166 911 2208 foliis
937 2166 1072 2208 vitare
1098 2166 1285 2215 volebas,

354 2224 427 2266 sed
453 2224 563 2266 male
588 2224 774 2273 vitabas,
800 2231 941 2265 aestus
968 2223 1121 2264 amoris
1148 2231 1249 2264 erat.

297 2296 428 2324 vacca
452 2281 596 2336 puella
621 2288 694 2322 tua
719 2288 795 2322 est.
857 2287 980 2336 aptus
1008 2281 1122 2323 color
1146 2280 1215 2322 ille
1241 2280 1422 2336 puellae.

354 2348 400 2380 tu
426 2339 502 2387 vir,
530 2346 570 2380 et
595 2338 638 2379 in
663 2352 795 2380 vacca
821 2352 1004 2393 conpare
1029 2344 1176 2379 taurus
1203 2353 1309 2379 eras.

297 2404 470 2453 pectora
494 2396 610 2450 quod
634 2403 768 2437 rostro
795 2396 940 2437 cornix
964 2395 1154 2437 fodiebat
1179 2402 1316 2444 acuto,

230 2469 274 2498 40
355 2453 574 2508 ingenium
601 2453 796 2495 dominae
821 2453 918 2495 lena
942 2452 1142 2494 movebat
1167 2467 1286 2493 anus.

299 2512 414 2565 quod
441 2518 637 2552 cunctata
662 2510 736 2551 diu
761 2518 930 2552 taurum
958 2525 1035 2551 sua
1061 2524 1192 2552 vacca
1216 2509 1399 2564 reliquit,

358 2567 539 2623 frigidus
565 2567 608 2608 in
634 2567 762 2608 viduo
789 2567 1016 2610 destituere
1043 2574 1147 2609 toro.

300 2625 407 2666 livor
432 2633 471 2666 et
499 2625 676 2666 adverso
703 2625 894 2667 maculae
920 2625 999 2666 sub
1026 2632 1196 2680 pectore
1221 2624 1369 2680 nigrae

358 2689 505 2736 pectus
532 2681 726 2723 adulterii
750 2683 846 2724 labe
872 2697 1014 2724 carere
1040 2681 1224 2737 negant.’

232 2753 276 2783 45
303 2738 466 2780 dixerat
491 2737 717 2793 interpres:
743 2739 884 2794 gelido
910 2739 1013 2780 mihi
1040 2739 1213 2794 sanguis
1239 2739 1293 2780 ab
1319 2753 1390 2780 ore

359 2796 489 2851 fugit,
516 2802 557 2837 et
581 2802 677 2837 ante
703 2797 846 2838 oculos
872 2811 957 2838 nox
982 2797 1096 2838 stetit
1122 2797 1206 2837 alta
1230 2810 1359 2837 meos.
