1831 3168
260 253 341 296 184
705 263 749 296 P.
777 261 922 298 olel
948 260 1165 297 NASONIS

312 344 541 398 quamlibet
569 342 772 384 admissas
798 343 1015 385 detinuere
1041 350 1165 384 rates.

257 400 319 442 his
345 415 422 441 sua
448 399 697 454 Sisyphides
724 399 876 441 auditis
902 415 1035 455 paene
1061 399 1230 441 resolvit

313 470 500 511 corpora.
562 471 659 497 nam
685 456 807 498 sociis
832 456 950 497 inlita
975 471 1071 498 cera
1095 455 1188 496 fuit.

165 527 229 557 315
257 528 320 554 res
347 520 410 554 cst
434 512 590 554 blanda
615 528 754 554 canor.
815 513 979 554 discant
1004 521 1171 554 cantare
1198 514 1382 568 puellae:

311 584 387 624 pro
412 568 519 611 facie
545 570 688 611 multis
714 584 796 612 vox
822 585 897 611 sua
922 570 1017 611 lena
1043 569 1135 610 fuit.

255 633 296 667 et
321 626 445 667 modo
471 626 714 668 marmorcis
741 626 924 668 referant
949 626 1092 667 audita
1117 626 1288 668 theatris

312 691 353 724 ct
378 683 502 724 modo
529 683 701 724 Niliacis
729 684 914 725 carmina
937 683 1030 724 lusa
1055 683 1202 725 modis.

256 754 332 781 nec
357 740 562 795 plectrum
588 740 754 789 dextra,
781 740 985 782 citharam
1010 740 1194 782 tenuisse
1221 740 1388 782 sinistra

166 811 230 841 320
311 796 470 838 nesciat
495 796 665 838 arbitrio
691 797 849 838 femina
874 797 998 838 docta
1022 812 1129 838 meo.

256 868 358 894 saxa
381 854 576 908 ferasque
600 854 692 909 lyra
717 854 848 895 movit
873 853 1147 908 Rhodopeius
1175 853 1375 910 Orpheus

311 910 623 964 Tartareosque
648 911 765 952 lacus
791 911 1155 966 tergeminumque
1182 926 1342 954 canem.

255 982 356 1008 saxa
381 974 453 1008 tuo
480 976 624 1017 cantu,
651 968 806 1009 vindex
831 967 1057 1009 iustissime
1083 968 1241 1018 matris,

311 1023 501 1065 fecerunt
526 1039 667 1065 muros
693 1025 882 1066 officiosa
906 1039 1051 1065 novos.

164 1094 228 1124 325
257 1080 451 1134 quamvis
477 1088 617 1122 mutus
644 1090 750 1130 crat,
778 1081 871 1122 voci
896 1081 1051 1123 favisse
1077 1088 1250 1136 putatur

311 1137 457 1192 piscis,
483 1138 686 1179 Arioniae
712 1138 857 1179 fabula
881 1146 981 1179 nota
1005 1139 1134 1192 lyrae.

256 1194 368 1236 disce
395 1194 520 1236 etiam
546 1194 702 1250 duplici
728 1195 911 1250 genialia
936 1195 1078 1236 nablia
1102 1196 1243 1250 palma

311 1266 496 1292 verrere:
523 1252 776 1293 conveniunt
803 1252 997 1293 dulcibus
1023 1252 1094 1292 illa
1119 1252 1233 1293 iocis,

254 1307 307 1348 sit
332 1307 408 1348 tibi
434 1306 705 1357 Callimachi,
738 1309 791 1350 sit
817 1307 895 1350 Coi
922 1317 1020 1349 nota
1044 1317 1205 1363 poetae,

164 1377 228 1407 330
311 1364 363 1405 sit
388 1379 556 1418 quoque
581 1365 716 1406 vinosi
742 1366 847 1407 Te'l'a
871 1366 1001 1406 Musa
1026 1365 1148 1407 senis.

254 1428 352 1462 nota
377 1421 430 1462 sit
455 1430 495 1463 et
522 1420 710 1477 Sappho,
736 1446 792 1451 —
817 1422 919 1475 quid
945 1422 1055 1463 enim
1080 1422 1276 1462 lascivius
1301 1421 1397 1463 illa?
1420 1444 1480 1452 --

311 1478 431 1519 cuive
456 1485 576 1533 pater
601 1479 707 1520 vafri
732 1479 890 1519 luditur
916 1486 1003 1520 arte
1031 1477 1180 1520 Getae.

254 1542 294 1576 et
319 1534 451 1576 teneri
476 1535 610 1590 possis
637 1550 806 1576 carmen
831 1535 983 1590 legisse
1008 1535 1218 1590 Pioperti‚

310 1591 397 1632 sive
422 1591 581 1645 aliquid
607 1591 742 1641 Galli,
769 1592 881 1640 sive,
871 1571 1095 1641 ζΤΓίῐηιΠε,
1121 1600 1260 1633 tuum:

163 1661 226 1691 335
254 1648 448 1701 dictaque
474 1648 656 1691 Varroni
682 1649 843 1690 fulvis'
833 1649 1016 1704 insignia
1040 1624 1148 1689 villis

309 1705 464 1746 vellera
488 1720 734 1760 germanae,
759 1705 938 1755 Phrixe,
965 1706 1179 1759 querenda
1203 1712 1319 1747 tuae:

254 1769 292 1803 et
318 1761 547 1817 profugum
572 1763 772 1811 Aenean,
799 1763 908 1804 altae
932 1762 1161 1818 primordia
1186 1762 1361 1812 Romae,

310 1833 394 1872 quo
419 1819 581 1860 nullum
608 1819 733 1861 Latio
760 1820 912 1861 clarius
938 1826 1053 1861 extat
1078 1834 1196 1874 opus.

254 1875 430 1916 forsitan
455 1884 496 1916 et
520 1883 711 1917 nostrum
736 1891 890 1918 nomen
915 1876 1160 1917 miscebitur
1184 1875 1287 1925 istis,

164 1944 228 1974 340
311 1945 388 1973 nec
413 1947 507 1973 mea
532 1932 733 1974 Lethaeis
761 1933 915 1987 scripta
941 1933 1155 1973 dabuntui
1179 1946 1260 1985 aql·
1252 1933 1312 1979 is,

254 1995 380 2042 atque
406 1988 555 2042 aliquis
582 1988 727 2030 dicet‘
737 1990 868 2029 nostri
893 1989 987 2043 lege
1013 1990 1125 2030 culta
1149 1988 1340 2043 magistri

311 2044 516 2093 carmina,
542 2045 635 2098 quis
660 2054 799 2100 partes
825 2046 993 2086 instruit
1017 2045 1084 2086 ille
1111 2045 1234 2086 duas:

255 2101 483 2156 decerpens
506 2076 644 2151 libris,
670 2102 815 2143 titulus
841 2116 946 2155 quos
973 2102 1111 2157 signat
1137 2102 1361 2152 Amorum,

311 2157 438 2212 elige,
465 2158 578 2212 quod
605 2158 729 2200 docili
755 2159 935 2200 molliter
961 2174 1031 2200 ore
1057 2159 1187 2214 legas,

165 2227 227 2257 345
256 2215 320 2255 vel
346 2215 420 2255 tibi
446 2215 677 2270 composita
703 2223 893 2257 cantetur
918 2216 1096 2270 epistula
1122 2229 1244 2256 voce:

311 2272 504 2326 ignotum
529 2271 608 2313 hoc
633 2272 723 2313 aliis
748 2273 818 2313 ille
843 2272 1015 2313 novavit
1039 2272 1172 2327 opus.'

255 2343 278 2368 0
304 2328 380 2376 ita,
405 2328 599 2378 Phoebe,
625 2329 747 2371 velis!
785 2329 843 2370 ita
869 2343 963 2378 vos,
990 2329 1059 2384 pia
1083 2329 1257 2370 numina
1282 2336 1440 2379 vatum,

310 2385 485 2440 insignis
512 2400 641 2427 cornu
667 2386 836 2427 Bacche
862 2400 1099 2440 novemque
1126 2385 1247 2427 deae!
1272 2410 1331 2415 —

255 2442 347 2495 quis
374 2442 556 2492 dubitet,
582 2443 684 2497 quin
709 2443 813 2484 scire
840 2443 964 2484 velim
992 2444 1142 2484 saltare
1168 2443 1366 2497 puellam,

166 2510 230 2540 350
313 2506 359 2539 ut
383 2507 550 2540 moveat
574 2500 710 2554 posito
735 2499 933 2541 bracchia
958 2500 1070 2541 iussa
1095 2500 1236 2542 mero?

255 2555 434 2596 artifices
460 2556 622 2605 lateris,
649 2571 800 2599 scenae
825 2557 1085 2610 spectacula,
1112 2563 1325 2597 amantur:

312 2620 475 2652 tantum
501 2613 710 2654 mobilitas
736 2614 806 2654 illa
832 2613 993 2654 decoris
1020 2613 1159 2654 habet.

255 2682 385 2721 parva
411 2683 580 2711 monere
605 2670 754 2724 pudet,
780 2670 958 2711 talorum
984 2670 1121 2711 dicere
1147 2670 1281 2711 iactus

313 2732 357 2764 ut
383 2724 485 2765 sciat
511 2733 551 2766 et
576 2727 705 2776 vires,
732 2734 889 2768 tessera
913 2727 1060 2775 missa,
1087 2733 1200 2767 tuas:

165 2792 228 2822 355
256 2787 294 2821 et
321 2780 446 2821 modo
474 2788 556 2823 tres
582 2782 706 2824 iactet
731 2797 948 2833 numeros,
974 2783 1098 2824 modo
1126 2783 1300 2838 cogitet,
1327 2791 1423 2838 apte
