1831 3168
419 272 750 309 MEDICAMINA
775 273 983 309 FORMAE
1007 273 1177 309 36—100.
1405 265 1484 307 141

172 355 286 410 quod
311 355 437 397 trahit
461 355 503 397 in
530 364 669 411 partes
695 356 819 398 uncia
844 363 958 397 secta
984 355 1102 396 duas.

115 420 161 454 ut
186 421 334 455 coeant
361 420 541 468 apteque
566 413 638 454 lini
664 429 740 469 per
764 427 939 468 corpora
964 412 1138 468 possint,

172 470 290 511 adice
317 470 367 512 de
393 470 512 512 flavis
538 470 683 512 Attica
709 470 832 512 niella
856 469 977 510 favis.

114 527 306 581 quamvis
332 535 427 568 tura
452 527 552 569 deos
578 528 766 582 irataque
792 527 967 567 numina
991 527 1171 581 placent,

170 598 254 624 non
280 592 420 626 tamen
446 585 633 626 accensis
659 585 800 625 omnia
825 583 964 624 danda
990 584 1108 625 focis.

113 649 179 682 tus
205 640 279 681 ubi
305 641 521 683 miscueris
546 641 708 683 radenti
733 641 882 682 tubera
905 640 1029 689 nitro,

169 698 427 752 ponderibus
452 699 571 739 iustis
596 698 664 739 fac
689 697 744 739 sit
767 698 979 750 utrimque
1005 696 1147 738 triens.

110 762 229 809 parte
255 755 395 796 minus
421 763 571 809 quarta
597 755 818 809 dereptum
844 753 998 794 cortice
1022 753 1199 806 gummi,

169 820 209 853 et
234 811 447 853 modicum
473 826 495 853 e
520 810 702 866 myrrhis
728 810 958 866 pinguibus
985 809 1092 851 adde
1118 810 1288 850 cubum.

111 867 216 910 haec
242 868 314 909 ubi
340 868 551 917 contriris‚
578 883 653 923 per
678 867 809 909 densa
833 867 1042 908 foramina
1067 881 1210 908 cerne:

166 925 305 980 pulvis
331 925 384 966 ab
409 925 550 966 infuso
575 925 699 966 melle
724 924 979 980 premendus
1006 924 1095 965 erit.

108 981 267 1037 profuit
292 989 333 1024 et
358 982 592 1024 marathros
619 982 726 1024 bene
752 982 961 1024 olentibus
988 981 1142 1023 addere
1168 980 1367 1037 myrrhis:

167 1039 355 1093 quinque
380 1039 549 1081 trahant
573 1039 776 1081 marathri
802 1039 1013 1094 scrupula,
1039 1039 1211 1094 myrrha
1236 1052 1404 1079 novem.

110 1096 349 1150 arentisque
373 1111 494 1139 rosae
519 1104 725 1151 quantum
750 1111 900 1138 manus
927 1111 1012 1137 una
1037 1095 1271 1151 prehendit,

167 1167 349 1207 cumque
374 1154 656 1196 Ammoniaco
681 1153 871 1196 mascula
895 1162 991 1194 tura
1016 1154 1116 1195 sale.

109 1209 267 1252 hordea
292 1225 419 1265 quem
443 1211 624 1261 faciunt,
648 1211 729 1253 illis
754 1211 931 1253 infunde
958 1225 1210 1253 cremorem:

165 1276 348 1321 aequent
373 1283 579 1324 expensas
605 1283 701 1310 cum
727 1268 812 1310 sale
838 1276 933 1309 tura
956 1283 1087 1309 rosas.

108 1331 296 1379 tempore
322 1325 404 1366 sint
429 1340 560 1380 parvo
586 1325 702 1366 molli
726 1326 824 1367 licet
842 1325 954 1366 'illita
978 1326 1110 1376 vultu,

164 1380 354 1424 haerebit
379 1390 467 1424 toto
492 1383 650 1424 multus
675 1383 718 1423 in
744 1398 814 1424 ore
841 1383 966 1424 color.

107 1437 194 1479 vidi
219 1452 328 1493 quae
352 1439 495 1495 gelida
519 1439 759 1482 madefacta
783 1455 997 1495 papavera
1020 1438 1196 1494 lympha

165 1503 399 1539 contereret
424 1497 577 1539 teneris
602 1498 866 1551 illineretque
892 1497 1025 1552 genis.

1514 369 1557 400 80

1513 652 1554 683 85

1512 937 1555 967 90

1509 1221 1552 1252 95

1509 1508 1575 1538 100
