1831 3168
291 204 347 246 92
754 213 797 247 Ρ.
825 212 971 249 OVIDI
996 212 1212 248 NASONIS

295 294 414 337 ardet
439 294 482 336 in
509 293 694 336 abducta
717 294 910 336 Briseide
936 309 1116 350 magnus
1142 294 1351 337 Achilles:

352 352 453 392 dum
478 351 596 400 licet,
622 351 791 406 Argeas
817 351 1020 406 frangite,
1046 351 1200 401 Troes,
1227 367 1340 407 opes.

226 422 268 452 35
296 410 459 450 Hector
484 408 537 448 ab
563 408 886 450 Andromaches
913 409 1189 464 conplexibus
1214 409 1302 450 ibat
1327 409 1381 451 ad
1406 425 1535 460 arma,

350 472 390 507 et
414 465 582 520 galeam
608 465 735 520 capiti
761 479 870 518 quae
896 466 1033 513 daret,
1060 479 1167 506 uxor
1192 473 1292 507 erat.

292 537 457 563 summa
482 522 658 570 ducum,
684 522 878 571 Atrides,
904 522 995 563 visa
1019 521 1260 564 Priameide
1286 522 1417 565 fertur

348 578 574 620 Maenadis
600 578 745 620 effusis
771 579 1024 635 obstipuisse
1051 579 1194 620 comis.

291 635 410 676 Mars
437 649 608 689 quoque
634 636 867 691 deprensus
892 636 1060 677 fabrilia
1084 637 1253 678 vincula
1278 637 1424 679 sensit:

223 706 267 735 40
349 692 487 733 notior
511 692 554 733 in
580 693 696 734 caelo
722 692 868 734 fabula
892 693 1008 734 nulla
1033 693 1126 734 fuit.

291 749 381 805 ipse
407 764 487 804 ego
514 750 655 804 segnis
681 765 795 791 eram
822 750 1108 804 discinctaque
1133 750 1176 791 in
1201 751 1288 792 otia
1311 758 1453 792 natus:

348 807 587 848 mollierant
611 807 774 848 animos
799 807 932 848 lectus
959 814 999 848 et
1024 807 1174 848 umbra
1199 822 1328 849 meos.

291 863 443 918 inpulit
467 863 672 918 ignavum
698 863 908 905 formosae
934 879 1035 905 eura
1059 863 1238 918 puellae,

347 920 467 961 iussit
494 928 535 962 et
560 921 603 961 in
629 920 774 962 eastris
800 936 898 962 aera
923 935 1083 961 merere
1110 920 1209 960 suis.

221 991 265 1021 45
291 977 389 1019 inde
414 977 532 1018 vides
559 978 712 1032 agilem
738 985 1028 1031 nocturnaque
1055 977 1165 1018 bella
1189 983 1421 1031 gerentem.

347 1034 421 1088 qui
447 1034 561 1075 nolet
586 1034 675 1075 fieri
701 1034 957 1083 desidiosus,
984 1042 1108 1075 amet.

287 1204 442 1258 Qualis
469 1205 522 1246 ab
548 1204 712 1246 Eurota
735 1205 937 1261 Phrygiis
964 1213 1112 1247 avecta
1138 1205 1288 1246 earinis

348 1262 600 1318 coniugibus
626 1262 726 1303 belli
752 1277 880 1304 causa
905 1263 1070 1303 duobus
1097 1270 1198 1311 erat,

290 1319 426 1373 qualis
453 1326 542 1360 erat
567 1318 707 1368 Lede,
733 1333 861 1373 quam
886 1320 1042 1374 plumis
1069 1319 1237 1361 abditus
1264 1319 1369 1360 albis

348 1376 525 1417 callidus
550 1376 594 1416 in
619 1376 726 1417 falsa
751 1377 851 1417 lusit
876 1377 1040 1418 adulter
1065 1392 1156 1425 ave,

245 1447 264 1477 5
291 1433 427 1488 qualis
453 1433 698 1487 Amymone
724 1433 844 1475 siccis
871 1434 1025 1475 erravit
1049 1434 1092 1474 in
1118 1433 1245 1489 agris,

347 1505 444 1531 cum
468 1497 678 1545 premeret
704 1490 857 1531 summi
882 1490 1048 1532 verticis
1074 1506 1181 1531 urna
1207 1505 1362 1539 comas,

289 1547 384 1588 talis
411 1561 517 1588 eras.
579 1547 850 1601 aquilamque
875 1547 918 1588 in
944 1555 984 1589 te
1010 1554 1264 1601 taurumque
1290 1546 1505 1597 timebam,

348 1611 389 1645 et
413 1603 615 1658 quicquid
640 1618 796 1659 magno
823 1605 874 1646 de
899 1604 1002 1645 Iove
1027 1604 1126 1645 fecit
1152 1618 1282 1645 amor.

289 1675 402 1702 nune
427 1661 551 1702 timor
575 1661 710 1702 omnis
737 1661 876 1711 abest,
902 1661 1116 1715 animique
1141 1660 1329 1702 resanuit
1355 1675 1482 1711 error,

224 1731 265 1761 10
347 1732 425 1759 nec
450 1717 581 1759 facies
607 1719 751 1760 oeulos
777 1719 860 1760 iam
887 1719 1000 1774 capit
1023 1718 1104 1759 ista
1128 1732 1258 1760 meos.

291 1789 365 1816 cur
390 1775 467 1815 sim
494 1782 701 1825 mutatus,
727 1776 921 1829 quaeris?
958 1775 1059 1829 quia
1083 1790 1260 1816 munera
1283 1775 1436 1830 poscis.

347 1831 452 1873 haec
477 1839 518 1873 te
543 1847 628 1872 non
654 1833 811 1887 patitur
835 1847 963 1874 causa
988 1833 1154 1888 placere
1179 1832 1294 1872 mihi.

291 1889 424 1930 donec
449 1903 541 1930 eras
567 1889 766 1943 simplex,
792 1890 980 1930 animum
1005 1904 1101 1930 eum
1127 1903 1302 1944 corpore
1327 1889 1466 1930 amavi
1475 1906 1486 1938 ;

347 1959 459 1986 nune
484 1946 635 1986 mentis
662 1946 762 1986 vitio
787 1946 903 1987 laesa
927 1946 1065 2001 figura
1090 1954 1163 1986 tua
1188 1953 1263 1986 est.

225 2015 264 2045 15
292 2009 333 2044 et
356 2017 463 2057 puer
488 2009 551 2043 est
576 2010 618 2043 et
642 2003 782 2043 nudus
811 2003 957 2044 Amor.
1020 2002 1108 2044 sine
1135 2002 1329 2043 sordibus
1355 2017 1486 2044 annos

348 2066 390 2100 et
412 2059 550 2099 nullas
575 2067 733 2109 vestes,
760 2067 805 2100 ut
832 2060 884 2100 sit
909 2067 1099 2114 apertus,
1126 2059 1266 2100 habet.

289 2115 392 2169 quid
416 2131 595 2171 puerum
621 2116 801 2158 Veneris
826 2116 961 2172 pretio
987 2124 1176 2171 prostare
1200 2115 1380 2157 iubetis?

347 2187 432 2226 quo
457 2172 638 2227 pretium
664 2173 841 2222 condas,
867 2187 952 2214 non
977 2173 1104 2214 habet
1130 2173 1199 2214 ille
1225 2173 1377 2214 sinum.

289 2244 367 2272 nec
393 2230 540 2271 Venus
567 2237 665 2285 apta
690 2230 809 2279 feris,
835 2230 1015 2272 Veneris
1041 2244 1119 2271 nee
1144 2230 1273 2279 filius,
1300 2230 1445 2272 armis:

223 2300 266 2330 20
348 2301 432 2327 non
458 2287 576 2328 decet
602 2287 778 2329 inbelles
804 2302 901 2329 aera
927 2301 1087 2328 merere
1114 2287 1228 2328 deos.

290 2351 373 2384 stat
397 2344 596 2385 meretrix
621 2352 735 2385 certo
761 2344 894 2386 cuivis
918 2344 1156 2385 mercabilis
1184 2359 1279 2385 aere

347 2408 387 2442 et
413 2401 587 2442 miseras
613 2401 728 2443 iusso
754 2416 927 2457 corpore
954 2401 1117 2455 quaerit
1141 2415 1255 2456 opes.

291 2458 470 2499 devovet
494 2458 719 2513 imperium
746 2465 888 2500 tamen
912 2458 1017 2500 haec
1040 2458 1203 2500 lenonis
1229 2458 1359 2507 avari,

348 2521 387 2556 et
413 2515 527 2568 quod
552 2530 626 2556 vos
653 2515 791 2557 facitis
818 2523 986 2571 sponte,
1013 2523 1158 2557 coacta
1182 2515 1296 2556 facit.

222 2582 264 2613 25
292 2571 443 2612 sumite
469 2571 512 2612 in
537 2573 778 2628 exemplum
804 2572 989 2628 pecudes
1013 2572 1176 2613 ratione
1201 2578 1403 2613 carentes.

347 2635 469 2682 turpe
494 2629 589 2678 erit,
613 2629 831 2684 ingenium
856 2629 999 2671 mitius
1025 2644 1116 2671 esse
1141 2629 1254 2670 feris.

289 2698 374 2725 non
399 2698 508 2738 equa
531 2701 686 2727 munus
712 2701 889 2740 equum,
913 2701 999 2728 non
1024 2693 1193 2728 taurum
1218 2700 1348 2728 vacca
1371 2686 1581 2742 poposcit:

347 2755 431 2782 non
456 2742 563 2784 aries
588 2743 786 2797 placitam
810 2758 984 2786 munere
1010 2750 1150 2798 captat
1176 2757 1311 2785 ovem.
