1831 3168
372 259 525 295 ARTIS
551 259 858 295 AMATORlAE
882 258 978 292 LIB.
1006 257 1075 292 111.
1101 255 1295 292 576—6433.
1440 244 1519 287 191

207 342 437 385 sumendae
463 342 585 385 detur
610 356 706 383 cum
733 340 808 382 tibi
833 347 998 395 tempus
1026 337 1186 392 aquae?

150 400 318 442 conscia
343 414 438 440 cum
464 399 594 454 possit
620 398 795 454 scriptas
821 406 988 452 portare
1015 395 1203 443 tabellas,

208 471 313 511 quas
339 464 455 511 tegat
480 455 522 496 in
547 455 689 511 tepido
715 454 845 496 fascia
869 454 953 495 lata
978 453 1098 494 sinu?

150 529 248 556 cum
273 514 403 568 possit
428 528 525 554 sura
551 512 714 553 chartas
741 511 875 552 celare
900 510 1051 565 ligatas

208 578 249 612 et
274 570 414 611 vincto
440 569 616 611 blandas
641 568 720 610 sub
746 568 853 623 pede
877 566 986 608 ferre
1011 565 1156 606 notas?

152 627 309 669 caverit
334 626 437 667 haec
463 635 623 667 custos:
649 639 725 681 pro
750 624 894 666 charta
919 622 1085 664 conscia
1110 631 1277 676 tergum

210 683 410 739 praebeat
434 683 561 736 inque
586 697 662 723 suo
688 695 861 736 corpore
887 680 1017 721 verba
1041 678 1160 719 ferat.

152 749 243 782 tuta
267 754 435 794 quoquc
461 748 523 781 est
548 739 738 792 fallitque
765 737 907 779 oculos
934 751 956 778 e
981 735 1088 776 lacte
1114 733 1272 775 recenti

209 797 360 839 littera.
421 796 613 838 carbonis
639 795 812 851 pulvere
838 802 983 848 tange:
1010 792 1140 845 leges.

151 854 269 896 fallet
293 862 352 903 et,
378 853 556 894 umiduli
580 867 688 906 quae
712 851 783 892 fiet
809 849 1001 891 acumine
1027 847 1113 896 lini,

210 919 251 952 ct
276 910 380 952 seret
407 910 592 951 occultas
618 923 724 964 pura
749 907 903 949 tabella
926 913 1061 946 notas.

151 967 286 1009 adfuit
312 967 480 1008 Acrisio
506 965 738 1008 servandae
763 979 863 1006 cura
886 962 1071 1018 puellae:

209 1024 322 1065 hunc
347 1032 488 1065 tamen
512 1023 584 1064 illa
609 1036 684 1064 suo
711 1021 882 1062 crimine
908 1019 1009 1061 fecit
1034 1033 1173 1059 avum.

151 1081 255 1136 quid
282 1080 409 1122 faciat
435 1088 594 1129 custos,
620 1093 715 1121 cum
742 1078 824 1119 sint
847 1083 910 1118 tot
932 1076 976 1118 in
1001 1075 1105 1117 urbe
1131 1075 1306 1123 theatra,

212 1153 308 1179 cum
333 1146 494 1193 spectet
518 1137 681 1177 iunctos
706 1135 778 1176 illa
801 1134 981 1176 libenter
1006 1146 1152 1186 equos,

153 1210 250 1236 cum
276 1195 419 1236 sedeat
443 1193 626 1235 Phariae
651 1192 782 1233 sistris
808 1198 980 1246 operata
1005 1189 1223 1238 iuvencae,

209 1265 377 1305 quoque
403 1250 468 1292 sui
495 1250 667 1292 comites
691 1249 751 1290 ire
776 1255 984 1295 vetantur,
1012 1254 1092 1296 eat,

151 1323 249 1350 cum
274 1308 395 1363 fuget
420 1322 444 1348 a
468 1306 634 1361 templis
659 1306 803 1347 oculos
828 1305 951 1346 Bona
975 1303 1092 1344 Diva
1117 1302 1303 1344 virorum

209 1363 523 1420 (praeterquam
549 1363 691 1418 siquos
717 1363 788 1403 illa
812 1362 955 1404 venire
980 1360 1130 1415 iubet),

152 1437 268 1471 cum,
295 1421 470 1463 custode
494 1420 596 1462 foris
622 1420 786 1461 tunicas
811 1426 1004 1461 servante
1029 1417 1210 1473 puellae,

209 1479 344 1521 celent
368 1478 546 1519 furtivos
573 1477 723 1519 balnea
746 1477 880 1518 multa
903 1476 1031 1523 iocos,

152 1550 268 1584 cum,
294 1535 486 1589 quotiens
511 1549 616 1590 opus
643 1542 724 1582 est,
750 1533 880 1574 fallax
907 1539 1095 1587 aegrotet
1121 1531 1255 1572 amica

212 1600 253 1634 et
278 1591 399 1633 cedat
422 1592 531 1633 lecto
558 1590 788 1644 quamlibet
816 1605 942 1644 aegra
968 1603 1058 1637 suo,

154 1649 323 1690 nomine
350 1663 446 1689 cum
473 1648 641 1697 doceat,
668 1647 770 1701 quid
795 1661 992 1702 agamus,
1020 1644 1208 1686 adultera
1235 1643 1377 1692 clavis,

212 1720 401 1759 quasque
427 1713 564 1760 petes,
590 1718 673 1745 non
700 1703 770 1745 det
794 1703 920 1744 ianua
946 1702 1052 1750 sola,
1078 1702 1194 1743 vias?

154 1763 312 1804 fallitur
337 1770 377 1803 et
402 1762 534 1802 multo
561 1760 744 1802 custodis
771 1776 871 1801 cura
896 1759 1058 1814 Lyaeo,

211 1819 282 1860 illa
307 1819 373 1860 vel
400 1818 592 1873 Hispano
618 1818 725 1858 lecta
750 1817 801 1858 sit
827 1832 910 1858 uva
935 1817 1049 1871 iugo.

154 1884 253 1917 sunt
277 1890 465 1930 quoque,
492 1890 599 1928 quae
625 1874 778 1915 faciant
805 1874 910 1914 altos
937 1872 1218 1914 medicamina
1244 1885 1411 1913 somnos

211 1932 405 1986 victaque
430 1931 622 1973 Lethaea
645 1931 804 1972 lumina
828 1937 950 1971 nocte
975 1937 1181 1984 premant.

153 2005 232 2031 nec
256 1991 365 2030 male
391 1988 549 2030 deliciis
576 1988 767 2029 odiosum
794 1986 962 2029 conscia
987 1986 1117 2027 tardis

212 2046 369 2088 detinet
394 2054 434 2087 et
458 2046 587 2100 longa
610 2045 799 2100 iungitur
822 2044 915 2099 ipsa
939 2057 1070 2084 mora.

152 2103 256 2157 quid
280 2103 395 2144 iuvat
421 2102 621 2157 ambages
647 2110 958 2157 praeceptaque
981 2115 1114 2156 parva
1139 2113 1324 2148 monere,

212 2175 308 2201 cum
333 2159 506 2200 minimo
532 2166 673 2200 custos
699 2173 871 2200 munere
897 2157 1030 2213 possit
1054 2156 1163 2198 emi?

155 2232 349 2265 munera,
376 2216 499 2257 crede
524 2216 646 2264 mihi,
672 2215 845 2270 capiunt
868 2214 1145 2268 hominesque
1173 2212 1378 2267 deosque:

211 2273 401 2328 placatur
426 2272 546 2313 donis
571 2271 764 2327 Iuppiter
787 2271 877 2326 ipse
904 2270 1025 2312 datis.

155 2329 259 2384 quid
283 2329 449 2384 sapiens
475 2328 620 2377 faciet,
647 2328 799 2369 stultus
824 2341 953 2381 quom
978 2340 1152 2368 munere
1178 2325 1360 2380 gaudet?

213 2387 302 2441 ipse
327 2400 495 2439 quoque
521 2392 694 2440 accepto
720 2398 893 2426 munere
919 2390 1060 2424 mutus
1087 2382 1177 2424 erit.

157 2444 232 2485 sed
257 2442 385 2484 semel
411 2450 474 2483 est
499 2448 640 2482 custos
664 2441 840 2496 longum
865 2438 1135 2481 redimendus
1161 2438 1204 2479 in
1230 2453 1398 2479 aevum:

216 2514 340 2554 saepe
366 2498 500 2547 dabit,
526 2498 686 2539 dederit
711 2512 816 2552 quas
841 2497 988 2545 semel,
1013 2496 1082 2537 ille
1109 2510 1271 2536 manus.
1302 2517 1360 2524 -

158 2564 334 2611 questus
360 2570 493 2604 eram,
519 2554 710 2604 memini,
736 2553 983 2595 metuendos
1009 2567 1100 2594 esse
1127 2551 1311 2594 sodales:

216 2627 301 2653 non
327 2611 461 2667 tangit
486 2611 597 2653 solos
621 2611 702 2652 ista
726 2610 911 2664 querella
936 2609 1060 2651 viros.

161 2669 332 2711 credula
357 2669 391 2709 si
416 2668 566 2716 fueris,
593 2668 697 2709 aliae
722 2675 795 2709 tua
818 2666 976 2722 gaudia
1001 2673 1186 2722 carpent,

219 2734 259 2767 et
282 2726 403 2780 lepus
428 2724 496 2766 hic
521 2724 612 2766 aliis
637 2723 873 2780 exagitatus
899 2723 990 2765 erit.

162 2782 266 2825 haec
291 2796 473 2838 quoque,
499 2795 606 2837 quae
632 2781 804 2837 praebet
829 2780 986 2823 lectum
1011 2779 1200 2822 studiosa
1224 2777 1462 2833 locumque,

1548 348 1614 378 620

1549 632 1614 662 025

1554 1200 1618 1231 6:35

1552 1484 1617 1515 640

1553 1769 1618 1800 615

1556 2054 1620 2084 050

1553 2338 1618 2368 655

1557 2620 1622 2651 660
