1831 3168
305 214 363 256 94
765 223 807 256 Ρ.
836 222 982 259 OVIDI
1005 221 1223 258 NASONIS

306 305 450 360 accipe
477 312 518 347 et
543 304 596 346 ad
622 303 835 345 dominam
860 311 1076 359 peifflaiatas
1101 318 1224 345 mane
1251 303 1426 346 tabellas

365 362 517 417 persei,
545 369 586 402 et
611 361 826 402 obstantes
851 361 999 402 sedula
1023 361 1131 416 pelle
1157 375 1308 402 moras.

308 433 386 460 nec
411 418 575 459 silicum
601 432 733 459 venae
760 431 837 459 nec
863 417 1050 458 durum'
1040 433 1083 458 m
1108 426 1276 472 pectore
1301 416 1472 468 ferrum,

242 489 284 518 10
365 489 443 516 nec
469 474 544 515 tibi
570 473 815 529 simplicitas
841 473 987 515 oidine
1013 474 1146 514 maior
1171 474 1301 516 adest.

309 531 507 573 credibile
533 539 593 572 est
621 541 661 572 et
687 539 726 572 te
753 531 933 572 sensisse
950 528 1185 585 Cupidinis
1211 544 1352 572 alcus:

364 589 408 629 in
433 603 499 629 me
525 588 696 629 militiae
722 588 844 642 signa
868 595 986 629 tuere
1011 596 1121 629 tuae.

309 645 342 686 si
370 652 562 699 quaeret,
589 644 692 698 quid
717 659 860 698 agam,
888 659 961 699 spe
986 645 1120 686 noctis
1146 644 1286 687 vivere
1313 644 1438 687 dices.

367 709 506 743 cetera
530 701 611 743 fert
637 701 792 742 blanda
818 716 913 743 cera
938 709 1081 742 notata
1105 717 1247 742 manu.

242 772 283 802 15
311 758 412 800 dum
438 758 603 812 loquor,
630 758 733 799 hora
758 758 880 813 sugit.
942 773 1102 800 vacuae
1128 758 1235 800 bene
1261 758 1389 801 redde
1416 758 1607 808 tabellas,

364 830 511 856 verum
538 815 735 856 continuo
761 815 829 856 fac
854 823 994 856 tamen
1019 815 1090 856 illa
1114 815 1240 870 legat.

308 872 488 927 aspicias
514 872 657 913 oeulos
683 872 837 912 mando
863 873 1129 924 frontemque
1154 872 1351 927 legentis:

365 944 387 970 e
413 928 539 970 tacito
564 928 682 969 vultu
709 929 813 969 scire
840 929 982 969 futura
1007 928 1116 969 licet.

307 1000 385 1027 nec
411 1000 548 1034 mora,
574 985 769 1040 perlectis
793 985 997 1026 rescribat
1020 985 1173 1033 multa,
1199 985 1362 1027 iubeto:

236 1056 283 1086 20
365 1042 454 1092 odi,
481 1057 577 1083 cum
601 1042 684 1083 late
712 1042 932 1096 splendida
958 1056 1054 1083 cera
1078 1049 1214 1082 vacat.

308 1099 557 1154 comprimat
583 1098 799 1140 ordinibus
825 1113 992 1147 versus,
1020 1099 1249 1152 oculosque
1275 1106 1462 1141 moretur

362 1156 553 1210 margine
580 1155 622 1196 in
648 1164 835 1197 extremo
860 1155 999 1197 littera
1024 1171 1119 1197 rasa
1145 1170 1274 1197 meos.
1299 1180 1356 1184 —

306 1212 408 1266 quid
434 1213 586 1268 digitos
611 1227 717 1267 opus
743 1221 806 1253 est
830 1213 1007 1267 graphio
1033 1213 1190 1254 lassare
1215 1212 1423 1254 tenendo?

363 1268 443 1311 hoc
467 1269 621 1311 habeat
648 1270 850 1324 scriptum
876 1278 963 1310 tota
988 1270 1163 1317 tabella,
1191 1269 1346 1310 ‘venii'

236 1339 281 1370 25
307 1340 391 1368 non
417 1341 496 1382 ego
522 1326 714 1367 victrices
740 1327 857 1367 lauro
884 1326 1079 1368 redimire
1104 1326 1280 1367 tabellas

361 1397 441 1425 nec
466 1383 644 1425 Veneris
670 1383 810 1424 media
834 1398 990 1437 ponere
1015 1383 1056 1424 in
1083 1383 1186 1425 aede
1213 1398 1362 1424 morer.

306 1439 570 1481 subscribam
597 1439 775 1482 ‘Veneri
800 1439 905 1480 fidas
932 1440 1009 1480 sibi
1034 1440 1149 1481 Naso
1174 1440 1387 1482 ministras

363 1496 555 1538 dedicat.’
616 1504 659 1537 at
683 1511 818 1552 nuper
844 1497 924 1538 vile
950 1496 1088 1538 fuistis
1114 1512 1222 1539 acer.

304 1667 425 1709 Flete
451 1683 567 1709 meos
594 1667 736 1709 casus!
774 1668 912 1709 tristes
937 1668 1098 1709 rediere
1124 1667 1317 1710 tabellae.

361 1725 508 1766 infelix
534 1725 658 1766 hodie
683 1725 821 1766 littera
845 1739 968 1779 posse
993 1733 1134 1779 negat.

305 1782 446 1822 omina
472 1791 567 1823 sunt
595 1782 766 1835 aliquid.
826 1782 951 1822 modo
978 1797 1074 1823 culn
1100 1781 1313 1823 discedere
1340 1782 1477 1831 vellet,

363 1838 417 1878 ad
442 1838 571 1880 limen
597 1839 752 1893 digitos
778 1839 926 1880 restitit
953 1838 1037 1880 icta
1062 1839 1198 1893 Nape.

257 1907 279 1936 5
305 1894 434 1935 missa
458 1894 571 1936 foras
597 1895 749 1936 iterum
774 1895 902 1935 limen
928 1895 1105 1936 transire
1130 1903 1341 1936 memento

363 1951 526 1992 cautius
553 1959 678 2004 atque
705 1952 786 1993 alte
813 1951 953 1992 sobria
978 1952 1086 1993 ferre
1111 1952 1282 2006 pedem!

305 2007 361 2049 ite
386 2007 503 2057 hinc,
530 2008 743 2056 difficiles,
769 2008 964 2049 funebria
988 2008 1123 2062 ligna,
1150 2008 1343 2057 tabellae,

362 2071 492 2118 tuque
518 2065 734 2120 negaturis
761 2079 857 2106 cera
880 2065 1035 2106 referta
1060 2065 1183 2114 notis,

307 2134 453 2175 quam,
479 2129 602 2176 puto,
629 2122 679 2163 de
705 2122 857 2176 longae
884 2122 1101 2162 collectam
1126 2122 1227 2163 flore
1254 2122 1415 2164 cicutae

238 2191 282 2221 10
364 2178 487 2219 melle
513 2179 593 2219 sub
618 2178 767 2219 infami
793 2176 967 2219 Corsica
991 2178 1103 2218 misit
1130 2178 1231 2233 apis.

308 2249 351 2283 a,
377 2242 594 2289 tamquam
620 2235 748 2276 minio
773 2235 940 2290 penitus
966 2235 1174 2276 medicata
1198 2235 1401 2277 rubebas:

362 2291 432 2332 ille
458 2292 572 2333 color
596 2307 694 2333 vere
720 2292 1070 2347 sanguinulentus
1097 2291 1203 2333 erat!

306 2348 517 2402 proiectae
542 2349 676 2390 triviis
701 2349 891 2398 iaceatis,
916 2348 1062 2390 inutile
1088 2349 1264 2403 lignum,

364 2419 523 2458 vosque
549 2413 664 2447 rotae
689 2405 859 2460 frangat
883 2405 1188 2460 praetereuntis
1214 2420 1334 2446 onus.

239 2473 281 2504 15
308 2460 425 2502 illum
451 2462 596 2511 etiam,
623 2462 695 2516 qui
720 2477 794 2503 vos
820 2478 872 2503 ex
897 2462 1045 2503 arbore
1071 2462 1193 2503 vertit
1219 2462 1260 2503 in
1287 2477 1424 2511 usum,

364 2519 610 2560 convincam
635 2534 763 2574 puras
788 2534 871 2560 non
896 2518 1095 2560 habuisse
1120 2534 1283 2560 manus.

307 2575 501 2628 praebuit
526 2575 597 2616 illa
622 2576 746 2617 arbor
769 2576 922 2617 misero
949 2576 1176 2630 suspendia
1201 2576 1322 2626 collo,

365 2631 548 2672 carnifici
574 2632 685 2673 diras
711 2633 903 2687 praebuit
929 2632 999 2673 illa
1026 2647 1189 2674 cruces:

307 2686 378 2727 illa
403 2687 514 2728 dedit
542 2696 685 2743 turpes
711 2690 822 2730 ravis
849 2689 1088 2730 bubonibus
1114 2690 1304 2731 umbras:

236 2755 282 2786 20
364 2744 572 2784 xolturis
563 2760 605 2785 111
631 2746 755 2786 ramis
782 2754 820 2786 et
847 2746 986 2800 strigis
1012 2760 1091 2786 ova
1117 2746 1223 2787 tulit.
