<?xml version="1.0" encoding="UTF-8"?>
<!DOCTYPE html PUBLIC "-//W3C//DTD XHTML 1.0 Transitional//EN"
    "http://www.w3.org/TR/xhtml1/DTD/xhtml1-transitional.dtd">
<html xmlns="http://www.w3.org/1999/xhtml" xml:lang="en" lang="en">
 <head>
  <title>
</title>
<meta http-equiv="Content-Type" content="text/html;charset=utf-8" />
  <meta name='ocr-system' content='tesseract 3.04.00' />
  <meta name='ocr-capabilities' content='ocr_page ocr_carea ocr_par ocr_line ocrx_word'/>
</head>
<body>
  <div class='ocr_page' id='page_1' title='image "./carminao01oviduoft_0015.png"; bbox 0 0 1831 3168; ppageno 0'>
   <div class='ocr_carea' id='block_1_1' title="bbox 770 228 1620 257">
    <p class='ocr_par' dir='ltr' id='par_1_1' title="bbox 770 228 1620 257">
     <span class='ocr_line' id='line_1_1' title="bbox 770 228 1620 257; baseline 0.002 -2"><span class='ocrx_word' id='word_1_1' title='bbox 770 228 1008 255; x_wconf 78' lang='lat' dir='ltr'>PRAEFATIO.</span> <span class='ocrx_word' id='word_1_2' title='bbox 1570 228 1620 257; x_wconf 82' lang='lat' dir='ltr'>XI</span> 
     </span>
    </p>
   </div>
   <div class='ocr_carea' id='block_1_2' title="bbox 120 300 1620 1757">
    <p class='ocr_par' dir='ltr' id='par_1_2' title="bbox 161 300 1620 440">
     <span class='ocr_line' id='line_1_2' title="bbox 163 300 1620 338; baseline 0.001 -2"><span class='ocrx_word' id='word_1_3' title='bbox 163 314 286 337; x_wconf 90' lang='lat' dir='ltr'>earum</span> <span class='ocrx_word' id='word_1_4' title='bbox 310 308 394 337; x_wconf 85' lang='lat' dir='ltr'>ante</span> <span class='ocrx_word' id='word_1_5' title='bbox 416 302 496 336; x_wconf 84' lang='lat' dir='ltr'>Art.</span> <span class='ocrx_word' id='word_1_6' title='bbox 521 314 590 337; x_wconf 90' lang='lat' dir='ltr'>am.</span> <span class='ocrx_word' id='word_1_7' title='bbox 616 303 758 338; x_wconf 85' lang='lat'>111343</span> <span class='ocrx_word' id='word_1_8' title='bbox 781 304 892 338; x_wconf 70' lang='lat' dir='ltr'>edita!</span> <span class='ocrx_word' id='word_1_9' title='bbox 948 302 981 337; x_wconf 90' lang='lat'>4.</span> <span class='ocrx_word' id='word_1_10' title='bbox 1012 301 1135 335; x_wconf 89' lang='lat' dir='ltr'>Artis</span> <span class='ocrx_word' id='word_1_11' title='bbox 1165 300 1409 336; x_wconf 84' lang='lat' dir='ltr'>amatoriae</span> <span class='ocrx_word' id='word_1_12' title='bbox 1438 301 1522 336; x_wconf 87' lang='lat' dir='ltr'><strong>libri</strong></span> <span class='ocrx_word' id='word_1_13' title='bbox 1551 303 1620 338; x_wconf 89' lang='lat'>111.</span> 
     </span>
     <span class='ocr_line' id='line_1_3' title="bbox 162 346 1619 392; baseline 0 -10"><span class='ocrx_word' id='word_1_14' title='bbox 162 349 219 382; x_wconf 86' lang='lat' dir='ltr'>sit.</span> <span class='ocrx_word' id='word_1_15' title='bbox 244 348 389 392; x_wconf 89' lang='lat' dir='ltr'>Incepit</span> <span class='ocrx_word' id='word_1_16' title='bbox 405 349 460 383; x_wconf 87' lang='lat' dir='ltr'>ele</span> <span class='ocrx_word' id='word_1_17' title='bbox 491 358 530 382; x_wconf 90' lang='lat' dir='ltr'>os</span> <span class='ocrx_word' id='word_1_18' title='bbox 544 348 650 383; x_wconf 86' lang='lat' dir='ltr'>valde</span> <span class='ocrx_word' id='word_1_19' title='bbox 665 349 878 384; x_wconf 81' lang='lat' dir='ltr'>adolescens</span> <span class='ocrx_word' id='word_1_20' title='bbox 903 349 935 382; x_wconf 75' lang='grc' dir='ltr'>ὃ.</span> <span class='ocrx_word' id='word_1_21' title='bbox 953 346 1167 382; x_wconf 85' lang='lat' dir='ltr'>Remedia</span> <span class='ocrx_word' id='word_1_22' title='bbox 1183 347 1367 381; x_wconf 90' lang='lat' dir='ltr'>Amoris.</span> <span class='ocrx_word' id='word_1_23' title='bbox 1399 347 1543 382; x_wconf 81' lang='lat' dir='ltr'>Titulos</span> <span class='ocrx_word' id='word_1_24' title='bbox 1561 359 1619 383; x_wconf 82' lang='lat' dir='ltr'>ex-</span> 
     </span>
     <span class='ocr_line' id='line_1_4' title="bbox 161 393 1618 440; baseline 0.001 -13"><span class='ocrx_word' id='word_1_25' title='bbox 161 393 284 437; x_wconf 87' lang='lat' dir='ltr'>(Trist.</span> <span class='ocrx_word' id='word_1_26' title='bbox 304 393 359 429; x_wconf 91' lang='lat' dir='ltr'>IV</span> <span class='ocrx_word' id='word_1_27' title='bbox 377 394 432 437; x_wconf 89' lang='lat'>10,</span> <span class='ocrx_word' id='word_1_28' title='bbox 450 395 470 428; x_wconf 82' lang='lat'>5</span> <span class='ocrx_word' id='word_1_29' title='bbox 511 400 578 439; x_wconf 84' lang='lat' dir='ltr'>sq.)</span> <span class='ocrx_word' id='word_1_30' title='bbox 603 398 639 428; x_wconf 83' lang='lat' dir='ltr'>et</span> <span class='ocrx_word' id='word_1_31' title='bbox 656 394 790 440; x_wconf 89' lang='lat' dir='ltr'>populo</span> <span class='ocrx_word' id='word_1_32' title='bbox 807 394 877 428; x_wconf 75' lang='lat' dir='ltr'>sin-</span> <span class='ocrx_word' id='word_1_33' title='bbox 902 393 1032 427; x_wconf 87' lang='lat' dir='ltr'>hibent</span> <span class='ocrx_word' id='word_1_34' title='bbox 1055 393 1215 436; x_wconf 72' lang='lat' dir='ltr'>codices,</span> <span class='ocrx_word' id='word_1_35' title='bbox 1239 399 1332 426; x_wconf 79' lang='lat' dir='ltr'>artes</span> <span class='ocrx_word' id='word_1_36' title='bbox 1352 394 1492 427; x_wconf 77' lang='lat' dir='ltr'>Amoris</span> <span class='ocrx_word' id='word_1_37' title='bbox 1522 394 1618 434; x_wconf 88' lang='lat' dir='ltr'>(Am.</span> 
     </span>
    </p>

    <p class='ocr_par' dir='ltr' id='par_1_3' title="bbox 120 438 1620 1757">
     <span class='ocr_line' id='line_1_5' title="bbox 213 438 1620 482; baseline 0 -9"><span class='ocrx_word' id='word_1_38' title='bbox 213 438 266 473; x_wconf 86' lang='lat' dir='ltr'>los</span> <span class='ocrx_word' id='word_1_39' title='bbox 297 438 466 474; x_wconf 89' lang='lat' dir='ltr'>recitavit</span> <span class='ocrx_word' id='word_1_40' title='bbox 497 439 556 480; x_wconf 86' lang='lat' dir='ltr'>(de</span> <span class='ocrx_word' id='word_1_41' title='bbox 590 439 731 473; x_wconf 86' lang='lat' dir='ltr'>Tibulli</span> <span class='ocrx_word' id='word_1_42' title='bbox 763 443 877 474; x_wconf 86' lang='lat' dir='ltr'>morte</span> <span class='ocrx_word' id='word_1_43' title='bbox 903 438 1070 482; x_wconf 77' lang='grc'>1118,19)</span> <span class='ocrx_word' id='word_1_44' title='bbox 1088 438 1145 472; x_wconf 88' lang='lat' dir='ltr'>vel</span> <span class='ocrx_word' id='word_1_45' title='bbox 1163 445 1270 472; x_wconf 81' lang='lat' dir='ltr'>artem</span> <span class='ocrx_word' id='word_1_46' title='bbox 1287 440 1429 472; x_wconf 80' lang='lat' dir='ltr'>amandi</span> <span class='ocrx_word' id='word_1_47' title='bbox 1443 438 1542 479; x_wconf 88' lang='lat' dir='ltr'>(A.a.</span> <span class='ocrx_word' id='word_1_48' title='bbox 1554 439 1571 473; x_wconf 93' lang='lat' dir='ltr'>I</span> <span class='ocrx_word' id='word_1_49' title='bbox 1588 441 1620 481; x_wconf 93' lang='lat'>1)</span> 
     </span>
     <span class='ocr_line' id='line_1_6' title="bbox 182 483 1618 530; baseline -0.001 -12"><span class='ocrx_word' id='word_1_50' title='bbox 182 484 217 518; x_wconf 87' lang='lat'>11</span> <span class='ocrx_word' id='word_1_51' title='bbox 245 484 267 519; x_wconf 87' lang='grc'>9</span> <span class='ocrx_word' id='word_1_52' title='bbox 295 495 390 519; x_wconf 90' lang='lat' dir='ltr'>anno</span> <span class='ocrx_word' id='word_1_53' title='bbox 418 485 515 519; x_wconf 81' lang='lat' dir='ltr'>vitae</span> <span class='ocrx_word' id='word_1_54' title='bbox 544 485 720 530; x_wconf 78' lang='lat' dir='ltr'>vigesimo</span> <span class='ocrx_word' id='word_1_55' title='bbox 749 488 878 530; x_wconf 87' lang='lat' dir='ltr'>quarto</span> <span class='ocrx_word' id='word_1_56' title='bbox 901 485 959 518; x_wconf 91' lang='lat' dir='ltr'>vel</span> <span class='ocrx_word' id='word_1_57' title='bbox 988 490 1080 518; x_wconf 80' lang='lat' dir='ltr'>artes</span> <span class='ocrx_word' id='word_1_58' title='bbox 1111 487 1216 522; x_wconf 89' lang='lat' dir='ltr'>(rem.</span> <span class='ocrx_word' id='word_1_59' title='bbox 1247 484 1280 518; x_wconf 87' lang='grc'>8.</span> <span class='ocrx_word' id='word_1_60' title='bbox 1310 483 1396 527; x_wconf 86' lang='grc'><strong>487)</strong></span> <span class='ocrx_word' id='word_1_61' title='bbox 1423 483 1482 518; x_wconf 88' lang='lat' dir='ltr'>vel</span> <span class='ocrx_word' id='word_1_62' title='bbox 1511 491 1618 518; x_wconf 79' lang='lat' dir='ltr'>artem</span> 
     </span>
     <span class='ocr_line' id='line_1_7' title="bbox 160 528 1620 576; baseline 0.001 -13"><span class='ocrx_word' id='word_1_63' title='bbox 160 529 330 575; x_wconf 83' lang='lat' dir='ltr'>scripsit),</span> <span class='ocrx_word' id='word_1_64' title='bbox 360 530 424 564; x_wconf 84' lang='lat' dir='ltr'>sed</span> <span class='ocrx_word' id='word_1_65' title='bbox 453 530 607 564; x_wconf 78' lang='lat' dir='ltr'>fortasse</span> <span class='ocrx_word' id='word_1_66' title='bbox 637 531 768 564; x_wconf 89' lang='lat' dir='ltr'>multos</span> <span class='ocrx_word' id='word_1_67' title='bbox 796 534 878 576; x_wconf 89' lang='lat' dir='ltr'>post</span> <span class='ocrx_word' id='word_1_68' title='bbox 901 529 1026 571; x_wconf 84' lang='lat' dir='ltr'>(Trist.</span> <span class='ocrx_word' id='word_1_69' title='bbox 1051 529 1089 563; x_wconf 85' lang='lat'>11</span> <span class='ocrx_word' id='word_1_70' title='bbox 1112 529 1189 563; x_wconf 78' lang='lat'>240.</span> <span class='ocrx_word' id='word_1_71' title='bbox 1208 529 1276 563; x_wconf 87' lang='lat'>303</span> <span class='ocrx_word' id='word_1_72' title='bbox 1299 532 1335 563; x_wconf 83' lang='lat' dir='ltr'>et</span> <span class='ocrx_word' id='word_1_73' title='bbox 1357 528 1517 574; x_wconf 83' lang='lat' dir='ltr'>saepius)</span> <span class='ocrx_word' id='word_1_74' title='bbox 1540 529 1620 575; x_wconf 81' lang='lat' dir='ltr'>ipse</span> 
     </span>
     <span class='ocr_line' id='line_1_8' title="bbox 159 574 1619 620; baseline -0.001 -11"><span class='ocrx_word' id='word_1_75' title='bbox 159 586 273 610; x_wconf 89' lang='lat' dir='ltr'>annos</span> <span class='ocrx_word' id='word_1_76' title='bbox 296 575 433 610; x_wconf 87' lang='lat' dir='ltr'>eisdem</span> <span class='ocrx_word' id='word_1_77' title='bbox 455 586 604 620; x_wconf 87' lang='lat' dir='ltr'>operam</span> <span class='ocrx_word' id='word_1_78' title='bbox 624 576 737 619; x_wconf 86' lang='lat' dir='ltr'>dedit,</span> <span class='ocrx_word' id='word_1_79' title='bbox 762 576 877 610; x_wconf 89' lang='lat' dir='ltr'>donec</span> <span class='ocrx_word' id='word_1_80' title='bbox 901 578 1010 620; x_wconf 85' lang='lat' dir='ltr'>poeta</span> <span class='ocrx_word' id='word_1_81' title='bbox 1027 574 1200 608; x_wconf 85' lang='lat' dir='ltr'>nominat.</span> <span class='ocrx_word' id='word_1_82' title='bbox 1230 574 1288 607; x_wconf 88' lang='lat' dir='ltr'>Ad</span> <span class='ocrx_word' id='word_1_83' title='bbox 1307 585 1442 608; x_wconf 86' lang='lat' dir='ltr'>annum</span> <span class='ocrx_word' id='word_1_84' title='bbox 1459 575 1525 609; x_wconf 71' lang='lat'>752</span> <span class='ocrx_word' id='word_1_85' title='bbox 1541 585 1619 609; x_wconf 91' lang='lat' dir='ltr'>ver-</span> 
     </span>
     <span class='ocr_line' id='line_1_9' title="bbox 160 619 1620 666; baseline 0 -12"><span class='ocrx_word' id='word_1_86' title='bbox 160 621 207 654; x_wconf 88' lang='lat' dir='ltr'>ad</span> <span class='ocrx_word' id='word_1_87' title='bbox 221 620 535 666; x_wconf 81' lang='lat' dir='ltr'>Metamorphoses</span> <span class='ocrx_word' id='word_1_88' title='bbox 552 631 590 654; x_wconf 88' lang='lat' dir='ltr'>se</span> <span class='ocrx_word' id='word_1_89' title='bbox 607 620 716 655; x_wconf 86' lang='lat' dir='ltr'>vertit</span> <span class='ocrx_word' id='word_1_90' title='bbox 729 620 874 662; x_wconf 84' lang='lat'>(11115).</span> <span class='ocrx_word' id='word_1_91' title='bbox 901 631 962 653; x_wconf 87' lang='lat' dir='ltr'>sus</span> <span class='ocrx_word' id='word_1_92' title='bbox 991 619 1008 653; x_wconf 94' lang='lat' dir='ltr'>I</span> <span class='ocrx_word' id='word_1_93' title='bbox 1032 620 1096 653; x_wconf 83' lang='lat'>171</span> <span class='ocrx_word' id='word_1_94' title='bbox 1115 629 1193 664; x_wconf 84' lang='lat' dir='ltr'>sqq.</span> <span class='ocrx_word' id='word_1_95' title='bbox 1230 619 1294 653; x_wconf 83' lang='grc'>177</span> <span class='ocrx_word' id='word_1_96' title='bbox 1318 629 1398 663; x_wconf 86' lang='lat' dir='ltr'><strong>sqq.</strong></span> <span class='ocrx_word' id='word_1_97' title='bbox 1433 624 1620 664; x_wconf 69' lang='lat' dir='ltr'>spectant,</span> 
     </span>
     <span class='ocr_line' id='line_1_10' title="bbox 160 664 1619 710; baseline -0.001 -10"><span class='ocrx_word' id='word_1_98' title='bbox 160 665 353 700; x_wconf 86' lang='lat' dir='ltr'>Corinnam</span> <span class='ocrx_word' id='word_1_99' title='bbox 387 665 535 709; x_wconf 83' lang='lat' dir='ltr'>cecinit,</span> <span class='ocrx_word' id='word_1_100' title='bbox 576 676 692 710; x_wconf 88' lang='lat' dir='ltr'>eaque</span> <span class='ocrx_word' id='word_1_101' title='bbox 730 666 808 700; x_wconf 87' lang='lat' dir='ltr'>fere</span> <span class='ocrx_word' id='word_1_102' title='bbox 840 666 876 699; x_wconf 93' lang='lat' dir='ltr'>ni</span> <span class='ocrx_word' id='word_1_103' title='bbox 900 666 968 697; x_wconf 77' lang='lat' dir='ltr'>iam</span> <span class='ocrx_word' id='word_1_104' title='bbox 982 666 1115 708; x_wconf 79' lang='lat' dir='ltr'>pridem</span> <span class='ocrx_word' id='word_1_105' title='bbox 1131 666 1201 698; x_wconf 86' lang='lat' dir='ltr'>Ars</span> <span class='ocrx_word' id='word_1_106' title='bbox 1217 664 1316 699; x_wconf 88' lang='lat' dir='ltr'>edita</span> <span class='ocrx_word' id='word_1_107' title='bbox 1329 668 1419 706; x_wconf 83' lang='lat' dir='ltr'>erat,</span> <span class='ocrx_word' id='word_1_108' title='bbox 1438 676 1519 699; x_wconf 90' lang='lat' dir='ltr'>cum</span> <span class='ocrx_word' id='word_1_109' title='bbox 1535 665 1619 701; x_wconf 90' lang='lat' dir='ltr'>Ovi-</span> 
     </span>
     <span class='ocr_line' id='line_1_11' title="bbox 158 709 1618 755; baseline 0 -10"><span class='ocrx_word' id='word_1_110' title='bbox 158 710 278 754; x_wconf 86' lang='lat' dir='ltr'>fallor,</span> <span class='ocrx_word' id='word_1_111' title='bbox 311 720 405 755; x_wconf 87' lang='lat' dir='ltr'>quae</span> <span class='ocrx_word' id='word_1_112' title='bbox 437 721 522 745; x_wconf 90' lang='lat' dir='ltr'>vere</span> <span class='ocrx_word' id='word_1_113' title='bbox 555 710 625 744; x_wconf 90' lang='lat' dir='ltr'>sibi</span> <span class='ocrx_word' id='word_1_114' title='bbox 653 710 875 753; x_wconf 86' lang='lat' dir='ltr'>acciderant,</span> <span class='ocrx_word' id='word_1_115' title='bbox 901 709 982 743; x_wconf 91' lang='lat' dir='ltr'>dius</span> <span class='ocrx_word' id='word_1_116' title='bbox 1010 710 1236 754; x_wconf 83' lang='lat' dir='ltr'>relegaretur</span> <span class='ocrx_word' id='word_1_117' title='bbox 1257 709 1382 752; x_wconf 81' lang='lat' dir='ltr'>(Trist.</span> <span class='ocrx_word' id='word_1_118' title='bbox 1402 710 1440 743; x_wconf 82' lang='lat'>11</span> <span class='ocrx_word' id='word_1_119' title='bbox 1458 712 1524 745; x_wconf 72' lang='grc'>539</span> <span class='ocrx_word' id='word_1_120' title='bbox 1538 716 1618 755; x_wconf 90' lang='lat' dir='ltr'>sq.).</span> 
     </span>
     <span class='ocr_line' id='line_1_12' title="bbox 159 754 1620 801; baseline 0 -11"><span class='ocrx_word' id='word_1_121' title='bbox 159 755 317 790; x_wconf 88' lang='lat' dir='ltr'>carmine</span> <span class='ocrx_word' id='word_1_122' title='bbox 335 755 500 801; x_wconf 82' lang='lat' dir='ltr'>depinxit</span> <span class='ocrx_word' id='word_1_123' title='bbox 516 755 573 789; x_wconf 92' lang='lat' dir='ltr'>vel</span> <span class='ocrx_word' id='word_1_124' title='bbox 591 756 788 790; x_wconf 85' lang='lat' dir='ltr'>exornavit.</span> <span class='ocrx_word' id='word_1_125' title='bbox 816 755 876 790; x_wconf 92' lang='lat' dir='ltr'>De</span> <span class='ocrx_word' id='word_1_126' title='bbox 899 754 1046 788; x_wconf 87' lang='lat' dir='ltr'>Primus</span> <span class='ocrx_word' id='word_1_127' title='bbox 1064 754 1162 789; x_wconf 80' lang='lat' dir='ltr'>Naso</span> <span class='ocrx_word' id='word_1_128' title='bbox 1185 765 1332 789; x_wconf 85' lang='lat' dir='ltr'>carmen</span> <span class='ocrx_word' id='word_1_129' title='bbox 1356 755 1620 790; x_wconf 86' lang='lat' dir='ltr'>didascalicum</span> 
     </span>
     <span class='ocr_line' id='line_1_13' title="bbox 159 799 1620 851; baseline -0.001 -15"><span class='ocrx_word' id='word_1_130' title='bbox 159 800 316 836; x_wconf 86' lang='lat' dir='ltr'>Corinna</span> <span class='ocrx_word' id='word_1_131' title='bbox 336 812 369 834; x_wconf 91' lang='lat' dir='ltr'>v.</span> <span class='ocrx_word' id='word_1_132' title='bbox 389 813 423 846; x_wconf 93' lang='lat' dir='ltr'>p.</span> <span class='ocrx_word' id='word_1_133' title='bbox 443 801 528 836; x_wconf 91' lang='lat' dir='ltr'>VII.</span> <span class='ocrx_word' id='word_1_134' title='bbox 567 801 797 845; x_wconf 76' lang='lat' dir='ltr'>Quamquam</span> <span class='ocrx_word' id='word_1_135' title='bbox 815 812 875 835; x_wconf 86' lang='lat' dir='ltr'>nc·</span> <span class='ocrx_word' id='word_1_136' title='bbox 900 803 1015 834; x_wconf 87' lang='lat' dir='ltr'>metro</span> <span class='ocrx_word' id='word_1_137' title='bbox 1035 799 1202 845; x_wconf 84' lang='lat' dir='ltr'>elegiaco</span> <span class='ocrx_word' id='word_1_138' title='bbox 1219 799 1377 851; x_wconf 78' lang='lat' dir='ltr'>scripsit,</span> <span class='ocrx_word' id='word_1_139' title='bbox 1402 800 1482 845; x_wconf 87' lang='lat' dir='ltr'>ipso</span> <span class='ocrx_word' id='word_1_140' title='bbox 1504 806 1620 835; x_wconf 88' lang='lat' dir='ltr'>metro</span> 
     </span>
     <span class='ocr_line' id='line_1_14' title="bbox 120 845 1620 892; baseline 0 -12"><span class='ocrx_word' id='word_1_141' title='bbox 120 862 124 865; x_wconf 44' lang='grc'><strong>»</strong></span> <span class='ocrx_word' id='word_1_142' title='bbox 157 846 302 891; x_wconf 89' lang='lat' dir='ltr'>scimus,</span> <span class='ocrx_word' id='word_1_143' title='bbox 320 856 503 891; x_wconf 90' lang='lat' dir='ltr'>numquae</span> <span class='ocrx_word' id='word_1_144' title='bbox 516 846 609 881; x_wconf 89' lang='lat' dir='ltr'>forte</span> <span class='ocrx_word' id='word_1_145' title='bbox 623 847 782 892; x_wconf 88' lang='lat' dir='ltr'>priorum</span> <span class='ocrx_word' id='word_1_146' title='bbox 797 850 875 881; x_wconf 88' lang='lat' dir='ltr'>tan·</span> <span class='ocrx_word' id='word_1_147' title='bbox 899 845 973 879; x_wconf 91' lang='lat' dir='ltr'>iam</span> <span class='ocrx_word' id='word_1_148' title='bbox 1006 845 1148 880; x_wconf 87' lang='lat' dir='ltr'>elatiori</span> <span class='ocrx_word' id='word_1_149' title='bbox 1181 845 1264 878; x_wconf 78' lang='lat' dir='ltr'>stilo</span> <span class='ocrx_word' id='word_1_150' title='bbox 1296 845 1480 890; x_wconf 86' lang='lat' dir='ltr'>mludens,</span> <span class='ocrx_word' id='word_1_151' title='bbox 1521 847 1620 890; x_wconf 88' lang='lat' dir='ltr'>quod</span> 
     </span>
     <span class='ocr_line' id='line_1_15' title="bbox 155 884 1618 942; baseline -0.001 -16"><span class='ocrx_word' id='word_1_152' title='bbox 155 896 233 926; x_wconf 90' lang='lat' dir='ltr'>tum</span> <span class='ocrx_word' id='word_1_153' title='bbox 250 895 441 937; x_wconf 88' lang='lat' dir='ltr'>poetarum</span> <span class='ocrx_word' id='word_1_154' title='bbox 458 891 660 926; x_wconf 82' lang='lat' dir='ltr'>imitatione</span> <span class='ocrx_word' id='word_1_155' title='bbox 676 893 805 926; x_wconf 88' lang='lat' dir='ltr'>ductus</span> <span class='ocrx_word' id='word_1_156' title='bbox 822 884 1018 937; x_wconf 60' lang='lat' dir='ltr'>in-³magis</span> <span class='ocrx_word' id='word_1_157' title='bbox 1047 890 1159 924; x_wconf 88' lang='lat' dir='ltr'>etiam</span> <span class='ocrx_word' id='word_1_158' title='bbox 1185 900 1224 924; x_wconf 86' lang='lat' dir='ltr'>re</span> <span class='ocrx_word' id='word_1_159' title='bbox 1253 890 1334 942; x_wconf 85' lang='lat' dir='ltr'>ipsa</span> <span class='ocrx_word' id='word_1_160' title='bbox 1360 890 1467 933; x_wconf 69' lang='lat' dir='ltr'>fecit,</span> <span class='ocrx_word' id='word_1_161' title='bbox 1502 891 1618 936; x_wconf 89' lang='lat' dir='ltr'>primo</span> 
     </span>
     <span class='ocr_line' id='line_1_16' title="bbox 157 934 1617 982; baseline -0.001 -11"><span class='ocrx_word' id='word_1_162' title='bbox 157 937 320 972; x_wconf 85' lang='lat' dir='ltr'>seruerit.</span> <span class='ocrx_word' id='word_1_163' title='bbox 371 936 521 981; x_wconf 83' lang='lat' dir='ltr'>Saltem,</span> <span class='ocrx_word' id='word_1_164' title='bbox 545 937 575 971; x_wconf 91' lang='lat' dir='ltr'>si</span> <span class='ocrx_word' id='word_1_165' title='bbox 592 937 664 982; x_wconf 84' lang='lat' dir='ltr'>ipsi</span> <span class='ocrx_word' id='word_1_166' title='bbox 682 938 874 979; x_wconf 79' lang='lat' dir='ltr'>credimus,</span> <span class='ocrx_word' id='word_1_167' title='bbox 886 934 887 951; x_wconf 66' lang='lat'>³</span> <span class='ocrx_word' id='word_1_168' title='bbox 900 936 997 971; x_wconf 89' lang='lat' dir='ltr'>enim</span> <span class='ocrx_word' id='word_1_169' title='bbox 1015 936 1108 970; x_wconf 87' lang='lat' dir='ltr'>libro</span> <span class='ocrx_word' id='word_1_170' title='bbox 1127 946 1200 980; x_wconf 91' lang='lat' dir='ltr'>qua</span> <span class='ocrx_word' id='word_1_171' title='bbox 1212 940 1353 970; x_wconf 79' lang='lat' dir='ltr'>ratione</span> <span class='ocrx_word' id='word_1_172' title='bbox 1366 936 1617 970; x_wconf 88' lang='lat' dir='ltr'>libertinarum</span> 
     </span>
     <span class='ocr_line' id='line_1_17' title="bbox 156 981 1619 1027; baseline -0.001 -11"><span class='ocrx_word' id='word_1_173' title='bbox 156 984 292 1017; x_wconf 76' lang='lat' dir='ltr'>nomine</span> <span class='ocrx_word' id='word_1_174' title='bbox 313 984 376 1017; x_wconf 75' lang='lat' dir='ltr'>sub</span> <span class='ocrx_word' id='word_1_175' title='bbox 397 990 515 1017; x_wconf 83' lang='lat' dir='ltr'>nostro</span> <span class='ocrx_word' id='word_1_176' title='bbox 537 984 662 1026; x_wconf 67' lang='lat' dir='ltr'>sabula</span> <span class='ocrx_word' id='word_1_177' title='bbox 684 985 782 1017; x_wconf 82' lang='lat' dir='ltr'>nulla</span> <span class='ocrx_word' id='word_1_178' title='bbox 810 984 875 1026; x_wconf 73' lang='lat' dir='ltr'>suit</span> <span class='ocrx_word' id='word_1_179' title='bbox 899 993 1001 1016; x_wconf 90' lang='lat' dir='ltr'>amor</span> <span class='ocrx_word' id='word_1_180' title='bbox 1030 985 1217 1027; x_wconf 86' lang='lat' dir='ltr'>captetur,</span> <span class='ocrx_word' id='word_1_181' title='bbox 1248 981 1408 1016; x_wconf 86' lang='lat' dir='ltr'>secundo</span> <span class='ocrx_word' id='word_1_182' title='bbox 1437 983 1619 1026; x_wconf 88' lang='lat' dir='ltr'>quomodo</span> 
     </span>
     <span class='ocr_line' id='line_1_18' title="bbox 157 1027 1618 1073; baseline 0 -11"><span class='ocrx_word' id='word_1_183' title='bbox 157 1028 233 1072; x_wconf 90' lang='lat' dir='ltr'>(Tr.</span> <span class='ocrx_word' id='word_1_184' title='bbox 258 1028 313 1064; x_wconf 92' lang='lat' dir='ltr'>IV</span> <span class='ocrx_word' id='word_1_185' title='bbox 336 1029 391 1073; x_wconf 90' lang='lat'>10,</span> <span class='ocrx_word' id='word_1_186' title='bbox 413 1029 483 1072; x_wconf 83' lang='lat'>68).</span> <span class='ocrx_word' id='word_1_187' title='bbox 539 1029 696 1063; x_wconf 87' lang='lat' dir='ltr'>Romani</span> <span class='ocrx_word' id='word_1_188' title='bbox 724 1028 874 1073; x_wconf 89' lang='lat' dir='ltr'>quidem</span> <span class='ocrx_word' id='word_1_189' title='bbox 899 1031 1074 1071; x_wconf 86' lang='lat' dir='ltr'>servetur,</span> <span class='ocrx_word' id='word_1_190' title='bbox 1097 1027 1206 1061; x_wconf 88' lang='lat' dir='ltr'>tertio</span> <span class='ocrx_word' id='word_1_191' title='bbox 1230 1027 1319 1071; x_wconf 88' lang='lat' dir='ltr'>quid</span> <span class='ocrx_word' id='word_1_192' title='bbox 1344 1027 1476 1072; x_wconf 86' lang='lat' dir='ltr'>puellis</span> <span class='ocrx_word' id='word_1_193' title='bbox 1506 1038 1618 1073; x_wconf 85' lang='lat' dir='ltr'>agen-</span> 
     </span>
     <span class='ocr_line' id='line_1_19' title="bbox 155 1072 1617 1120; baseline -0.001 -12"><span class='ocrx_word' id='word_1_194' title='bbox 155 1078 304 1108; x_wconf 85' lang='lat' dir='ltr'>narrata</span> <span class='ocrx_word' id='word_1_195' title='bbox 334 1085 421 1109; x_wconf 86' lang='lat' dir='ltr'>vera</span> <span class='ocrx_word' id='word_1_196' title='bbox 450 1084 529 1109; x_wconf 90' lang='lat' dir='ltr'>esse</span> <span class='ocrx_word' id='word_1_197' title='bbox 564 1078 756 1120; x_wconf 78' lang='lat' dir='ltr'>putarunt3</span> <span class='ocrx_word' id='word_1_198' title='bbox 790 1074 874 1109; x_wconf 87' lang='lat' dir='ltr'>hinc</span> <span class='ocrx_word' id='word_1_199' title='bbox 899 1073 984 1107; x_wconf 91' lang='lat' dir='ltr'>dum</span> <span class='ocrx_word' id='word_1_200' title='bbox 1002 1072 1060 1116; x_wconf 90' lang='lat' dir='ltr'>sit,</span> <span class='ocrx_word' id='word_1_201' title='bbox 1084 1072 1268 1107; x_wconf 88' lang='lat' dir='ltr'>subtiliter</span> <span class='ocrx_word' id='word_1_202' title='bbox 1285 1076 1321 1107; x_wconf 87' lang='lat' dir='ltr'>et</span> <span class='ocrx_word' id='word_1_203' title='bbox 1345 1077 1452 1107; x_wconf 85' lang='lat' dir='ltr'>aeute</span> <span class='ocrx_word' id='word_1_204' title='bbox 1476 1077 1512 1107; x_wconf 88' lang='lat' dir='ltr'>et</span> <span class='ocrx_word' id='word_1_205' title='bbox 1530 1073 1617 1107; x_wconf 85' lang='lat' dir='ltr'>levi-</span> 
     </span>
     <span class='ocr_line' id='line_1_20' title="bbox 156 1118 1617 1165; baseline -0.001 -12"><span class='ocrx_word' id='word_1_206' title='bbox 156 1121 272 1162; x_wconf 76' lang='lat' dir='ltr'>multi,</span> <span class='ocrx_word' id='word_1_207' title='bbox 302 1132 390 1165; x_wconf 80' lang='lat' dir='ltr'>quae</span> <span class='ocrx_word' id='word_1_208' title='bbox 411 1121 454 1154; x_wconf 76' lang='lat' dir='ltr'>sit</span> <span class='ocrx_word' id='word_1_209' title='bbox 476 1127 597 1154; x_wconf 76' lang='lat' dir='ltr'>nostra</span> <span class='ocrx_word' id='word_1_210' title='bbox 624 1121 788 1163; x_wconf 80' lang='lat' dir='ltr'>Corinna,</span> <span class='ocrx_word' id='word_1_211' title='bbox 817 1133 873 1154; x_wconf 85' lang='lat' dir='ltr'>ro-</span> <span class='ocrx_word' id='word_1_212' title='bbox 897 1122 954 1153; x_wconf 88' lang='lat' dir='ltr'>ter</span> <span class='ocrx_word' id='word_1_213' title='bbox 983 1122 1019 1153; x_wconf 87' lang='lat' dir='ltr'>et</span> <span class='ocrx_word' id='word_1_214' title='bbox 1045 1118 1212 1163; x_wconf 84' lang='lat' dir='ltr'>improbe</span> <span class='ocrx_word' id='word_1_215' title='bbox 1242 1121 1278 1152; x_wconf 88' lang='lat' dir='ltr'>et</span> <span class='ocrx_word' id='word_1_216' title='bbox 1305 1118 1398 1152; x_wconf 88' lang='lat' dir='ltr'>adeo</span> <span class='ocrx_word' id='word_1_217' title='bbox 1426 1119 1617 1153; x_wconf 89' lang='lat' dir='ltr'>inhoneste</span> 
     </span>
     <span class='ocr_line' id='line_1_21' title="bbox 153 1163 1617 1210; baseline 0.001 -12"><span class='ocrx_word' id='word_1_218' title='bbox 153 1172 237 1210; x_wconf 71' lang='lat' dir='ltr'>qen!</span> <span class='ocrx_word' id='word_1_219' title='bbox 260 1165 318 1208; x_wconf 77' lang='lat' dir='ltr'>(A.</span> <span class='ocrx_word' id='word_1_220' title='bbox 338 1176 371 1199; x_wconf 90' lang='lat' dir='ltr'>a.</span> <span class='ocrx_word' id='word_1_221' title='bbox 394 1165 451 1199; x_wconf 89' lang='lat' dir='ltr'>III</span> <span class='ocrx_word' id='word_1_222' title='bbox 473 1166 572 1209; x_wconf 83' lang='lat'>538),</span> <span class='ocrx_word' id='word_1_223' title='bbox 605 1166 772 1210; x_wconf 82' lang='lat' dir='ltr'>adeoque</span> <span class='ocrx_word' id='word_1_224' title='bbox 795 1167 876 1199; x_wconf 70' lang='lat' dir='ltr'>not-c*</span> <span class='ocrx_word' id='word_1_225' title='bbox 898 1164 957 1205; x_wconf 87' lang='lat' dir='ltr'>(cf.</span> <span class='ocrx_word' id='word_1_226' title='bbox 983 1175 1014 1199; x_wconf 92' lang='lat' dir='ltr'>e.</span> <span class='ocrx_word' id='word_1_227' title='bbox 1041 1175 1070 1198; x_wconf 91' lang='lat' dir='ltr'>c.</span> <span class='ocrx_word' id='word_1_228' title='bbox 1096 1174 1190 1209; x_wconf 88' lang='lat' dir='ltr'>quae</span> <span class='ocrx_word' id='word_1_229' title='bbox 1220 1164 1265 1197; x_wconf 87' lang='lat' dir='ltr'>de</span> <span class='ocrx_word' id='word_1_230' title='bbox 1295 1163 1457 1198; x_wconf 88' lang='lat' dir='ltr'>fallendo</span> <span class='ocrx_word' id='word_1_231' title='bbox 1487 1164 1576 1198; x_wconf 90' lang='lat' dir='ltr'>dicit</span> <span class='ocrx_word' id='word_1_232' title='bbox 1598 1164 1617 1199; x_wconf 93' lang='lat' dir='ltr'>I</span> 
     </span>
     <span class='ocr_line' id='line_1_22' title="bbox 157 1208 1616 1256; baseline -0.001 -12"><span class='ocrx_word' id='word_1_233' title='bbox 157 1212 325 1256; x_wconf 81' lang='lat' dir='ltr'>aliquam,</span> <span class='ocrx_word' id='word_1_234' title='bbox 360 1223 448 1256; x_wconf 81' lang='lat' dir='ltr'>quae</span> <span class='ocrx_word' id='word_1_235' title='bbox 478 1223 514 1244; x_wconf 83' lang='lat' dir='ltr'>se</span> <span class='ocrx_word' id='word_1_236' title='bbox 546 1211 769 1253; x_wconf 73' lang='lat' dir='ltr'>circumferat</span> <span class='ocrx_word' id='word_1_237' title='bbox 803 1211 963 1255; x_wconf 11' lang='lat' dir='ltr'>essewssss</span> <span class='ocrx_word' id='word_1_238' title='bbox 982 1215 1076 1254; x_wconf 79' lang='lat' dir='ltr'>sqq.)</span> <span class='ocrx_word' id='word_1_239' title='bbox 1101 1208 1307 1254; x_wconf 80' lang='lat' dir='ltr'>descripsit.</span> <span class='ocrx_word' id='word_1_240' title='bbox 1357 1209 1426 1243; x_wconf 91' lang='lat' dir='ltr'>His</span> <span class='ocrx_word' id='word_1_241' title='bbox 1447 1213 1532 1254; x_wconf 90' lang='lat' dir='ltr'>post</span> <span class='ocrx_word' id='word_1_242' title='bbox 1547 1210 1616 1243; x_wconf 88' lang='lat' dir='ltr'>Ar-</span> 
     </span>
     <span class='ocr_line' id='line_1_23' title="bbox 158 1254 1614 1300; baseline -0.001 -9"><span class='ocrx_word' id='word_1_243' title='bbox 158 1257 345 1291; x_wconf 81' lang='lat' dir='ltr'>Corz&#39;nnam</span> <span class='ocrx_word' id='word_1_244' title='bbox 363 1257 458 1296; x_wconf 88' lang='lat' dir='ltr'>(Am.</span> <span class='ocrx_word' id='word_1_245' title='bbox 479 1256 517 1290; x_wconf 91' lang='lat' dir='ltr'>II</span> <span class='ocrx_word' id='word_1_246' title='bbox 536 1257 590 1300; x_wconf 85' lang='lat'>17,</span> <span class='ocrx_word' id='word_1_247' title='bbox 608 1257 682 1300; x_wconf 50' lang='lat'>⁶29„</span> <span class='ocrx_word' id='word_1_248' title='bbox 708 1256 754 1291; x_wconf 85' lang='lat' dir='ltr'>ef.</span> <span class='ocrx_word' id='word_1_249' title='bbox 775 1256 971 1291; x_wconf 74' lang='lat' dir='ltr'>Mar-&#39;tem</span> <span class='ocrx_word' id='word_1_250' title='bbox 987 1255 1060 1289; x_wconf 89' lang='lat' dir='ltr'>iam</span> <span class='ocrx_word' id='word_1_251' title='bbox 1078 1255 1214 1289; x_wconf 83' lang='lat' dir='ltr'>editam</span> <span class='ocrx_word' id='word_1_252' title='bbox 1232 1265 1326 1288; x_wconf 89' lang='lat' dir='ltr'>anno</span> <span class='ocrx_word' id='word_1_253' title='bbox 1344 1254 1411 1289; x_wconf 75' lang='lat'>754</span> <span class='ocrx_word' id='word_1_254' title='bbox 1424 1254 1614 1294; x_wconf 79' lang='lat' dir='ltr'>(ef.v.155.</span> 
     </span>
     <span class='ocr_line' id='line_1_24' title="bbox 154 1298 1615 1345; baseline -0.001 -9"><span class='ocrx_word' id='word_1_255' title='bbox 154 1301 231 1336; x_wconf 88' lang='lat' dir='ltr'>tial.</span> <span class='ocrx_word' id='word_1_256' title='bbox 247 1301 281 1337; x_wconf 96' lang='lat' dir='ltr'><strong>V</strong></span> <span class='ocrx_word' id='word_1_257' title='bbox 296 1303 348 1337; x_wconf 91' lang='lat'>10.</span> <span class='ocrx_word' id='word_1_258' title='bbox 366 1302 459 1337; x_wconf 90' lang='lat' dir='ltr'>VIII</span> <span class='ocrx_word' id='word_1_259' title='bbox 474 1302 517 1336; x_wconf 75' lang='lat'>73</span> <span class='ocrx_word' id='word_1_260' title='bbox 531 1302 590 1336; x_wconf 88' lang='lat' dir='ltr'>all.</span> <span class='ocrx_word' id='word_1_261' title='bbox 615 1302 749 1337; x_wconf 84' lang='lat' dir='ltr'>Vivido</span> <span class='ocrx_word' id='word_1_262' title='bbox 765 1302 872 1337; x_wconf 86' lang='lat' dir='ltr'>adco-</span> <span class='ocrx_word' id='word_1_263' title='bbox 884 1298 885 1302; x_wconf 69' lang='grc'>’</span> <span class='ocrx_word' id='word_1_264' title='bbox 896 1301 977 1345; x_wconf 87' lang='grc'><strong>487)</strong></span> <span class='ocrx_word' id='word_1_265' title='bbox 994 1301 1172 1335; x_wconf 84' lang='lat' dir='ltr'>Remedia</span> <span class='ocrx_word' id='word_1_266' title='bbox 1189 1300 1344 1344; x_wconf 84' lang='lat' dir='ltr'>addidit,</span> <span class='ocrx_word' id='word_1_267' title='bbox 1359 1300 1493 1345; x_wconf 88' lang='lat' dir='ltr'>quibus</span> <span class='ocrx_word' id='word_1_268' title='bbox 1510 1300 1615 1335; x_wconf 83' lang='lat' dir='ltr'>doce-</span> 
     </span>
     <span class='ocr_line' id='line_1_25' title="bbox 156 1346 1616 1393; baseline 0 -12"><span class='ocrx_word' id='word_1_269' title='bbox 156 1357 226 1392; x_wconf 88' lang='lat' dir='ltr'>que</span> <span class='ocrx_word' id='word_1_270' title='bbox 243 1347 436 1392; x_wconf 89' lang='lat' dir='ltr'>splendido</span> <span class='ocrx_word' id='word_1_271' title='bbox 454 1351 490 1382; x_wconf 89' lang='lat' dir='ltr'>et</span> <span class='ocrx_word' id='word_1_272' title='bbox 512 1348 674 1393; x_wconf 83' lang='lat' dir='ltr'>eleganti</span> <span class='ocrx_word' id='word_1_273' title='bbox 693 1352 729 1382; x_wconf 92' lang='lat' dir='ltr'>et</span> <span class='ocrx_word' id='word_1_274' title='bbox 751 1347 872 1382; x_wconf 86' lang='lat' dir='ltr'>faceto</span> <span class='ocrx_word' id='word_1_275' title='bbox 896 1351 964 1390; x_wconf 87' lang='lat' dir='ltr'>ret,</span> <span class='ocrx_word' id='word_1_276' title='bbox 979 1357 1052 1391; x_wconf 88' lang='lat' dir='ltr'>qua</span> <span class='ocrx_word' id='word_1_277' title='bbox 1065 1346 1206 1380; x_wconf 89' lang='lat' dir='ltr'>ratione</span> <span class='ocrx_word' id='word_1_278' title='bbox 1220 1346 1384 1380; x_wconf 86' lang='lat' dir='ltr'>taedioso</span> <span class='ocrx_word' id='word_1_279' title='bbox 1398 1346 1478 1390; x_wconf 88' lang='lat' dir='ltr'>quis</span> <span class='ocrx_word' id='word_1_280' title='bbox 1493 1356 1616 1381; x_wconf 88' lang='lat' dir='ltr'>amore</span> 
     </span>
     <span class='ocr_line' id='line_1_26' title="bbox 157 1391 1615 1439; baseline -0.001 -12"><span class='ocrx_word' id='word_1_281' title='bbox 157 1392 302 1427; x_wconf 84' lang='lat' dir='ltr'>dicendi</span> <span class='ocrx_word' id='word_1_282' title='bbox 334 1403 470 1439; x_wconf 83' lang='lat' dir='ltr'>genere</span> <span class='ocrx_word' id='word_1_283' title='bbox 503 1393 541 1427; x_wconf 90' lang='lat' dir='ltr'>hi</span> <span class='ocrx_word' id='word_1_284' title='bbox 574 1393 659 1427; x_wconf 86' lang='lat' dir='ltr'>libri</span> <span class='ocrx_word' id='word_1_285' title='bbox 692 1394 874 1428; x_wconf 82' lang='lat' dir='ltr'>excellunt</span> <span class='ocrx_word' id='word_1_286' title='bbox 896 1392 1124 1427; x_wconf 86' lang='lat' dir='ltr'>liberaretur.</span> <span class='ocrx_word' id='word_1_287' title='bbox 1174 1392 1234 1425; x_wconf 91' lang='lat' dir='ltr'>Ad</span> <span class='ocrx_word' id='word_1_288' title='bbox 1258 1402 1377 1426; x_wconf 88' lang='lat' dir='ltr'>mores</span> <span class='ocrx_word' id='word_1_289' title='bbox 1399 1391 1532 1426; x_wconf 88' lang='lat' dir='ltr'>aetatis</span> <span class='ocrx_word' id='word_1_290' title='bbox 1558 1403 1615 1426; x_wconf 89' lang='lat' dir='ltr'>eo-</span> 
     </span>
     <span class='ocr_line' id='line_1_27' title="bbox 154 1431 1615 1484; baseline -0.001 -12"><span class='ocrx_word' id='word_1_291' title='bbox 154 1438 342 1483; x_wconf 85' lang='lat' dir='ltr'>multaque</span> <span class='ocrx_word' id='word_1_292' title='bbox 357 1439 563 1484; x_wconf 85' lang='lat' dir='ltr'>argumenti</span> <span class='ocrx_word' id='word_1_293' title='bbox 576 1438 753 1473; x_wconf 87' lang='lat' dir='ltr'>varietate</span> <span class='ocrx_word' id='word_1_294' title='bbox 768 1450 871 1484; x_wconf 86' lang='lat' dir='ltr'>prae-</span> <span class='ocrx_word' id='word_1_295' title='bbox 884 1431 885 1465; x_wconf 58' lang='lat' dir='ltr'>i</span> <span class='ocrx_word' id='word_1_296' title='bbox 897 1438 1125 1484; x_wconf 88' lang='lat' dir='ltr'>gnoscendos</span> <span class='ocrx_word' id='word_1_297' title='bbox 1142 1437 1181 1471; x_wconf 84' lang='lat' dir='ltr'>hi</span> <span class='ocrx_word' id='word_1_298' title='bbox 1197 1436 1283 1471; x_wconf 87' lang='lat' dir='ltr'>libri</span> <span class='ocrx_word' id='word_1_299' title='bbox 1296 1447 1421 1472; x_wconf 90' lang='lat' dir='ltr'>omnes</span> <span class='ocrx_word' id='word_1_300' title='bbox 1435 1436 1615 1482; x_wconf 87' lang='lat' dir='ltr'>aptissimi</span> 
     </span>
     <span class='ocr_line' id='line_1_28' title="bbox 156 1482 1617 1536; baseline -0.001 -18"><span class='ocrx_word' id='word_1_301' title='bbox 156 1484 254 1536; x_wconf 79' lang='lat' dir='ltr'>cipui</span> <span class='ocrx_word' id='word_1_302' title='bbox 277 1487 376 1527; x_wconf 83' lang='lat' dir='ltr'>sunt3</span> <span class='ocrx_word' id='word_1_303' title='bbox 406 1485 471 1519; x_wconf 89' lang='lat' dir='ltr'>sed</span> <span class='ocrx_word' id='word_1_304' title='bbox 495 1485 623 1519; x_wconf 90' lang='lat' dir='ltr'>eadem</span> <span class='ocrx_word' id='word_1_305' title='bbox 647 1488 872 1530; x_wconf 86' lang='lat' dir='ltr'>quantopere</span> <span class='ocrx_word' id='word_1_306' title='bbox 898 1487 981 1518; x_wconf 90' lang='lat' dir='ltr'>sunt</span> <span class='ocrx_word' id='word_1_307' title='bbox 1003 1483 1063 1525; x_wconf 81' lang='lat' dir='ltr'>(ef.</span> <span class='ocrx_word' id='word_1_308' title='bbox 1090 1483 1200 1517; x_wconf 84' lang='lat' dir='ltr'>etiam</span> <span class='ocrx_word' id='word_1_309' title='bbox 1224 1483 1269 1517; x_wconf 91' lang='lat' dir='ltr'>de</span> <span class='ocrx_word' id='word_1_310' title='bbox 1299 1493 1336 1517; x_wconf 92' lang='lat' dir='ltr'>se</span> <span class='ocrx_word' id='word_1_311' title='bbox 1365 1482 1446 1527; x_wconf 91' lang='lat' dir='ltr'>ipso</span> <span class='ocrx_word' id='word_1_312' title='bbox 1468 1486 1617 1528; x_wconf 77' lang='lat' dir='ltr'>poetam</span> 
     </span>
     <span class='ocr_line' id='line_1_29' title="bbox 153 1523 1615 1576; baseline 0 -14"><span class='ocrx_word' id='word_1_313' title='bbox 153 1529 252 1563; x_wconf 79' lang='lat' dir='ltr'>illius</span> <span class='ocrx_word' id='word_1_314' title='bbox 266 1530 455 1574; x_wconf 87' lang='lat' dir='ltr'>aevi,licet</span> <span class='ocrx_word' id='word_1_315' title='bbox 468 1523 1148 1576; x_wconf 69' lang='lat' dir='ltr'>elegantissinfi,mores&#39;111121sqq.),</span> <span class='ocrx_word' id='word_1_316' title='bbox 1166 1539 1335 1563; x_wconf 87' lang='lat' dir='ltr'>versuum</span> <span class='ocrx_word' id='word_1_317' title='bbox 1353 1528 1537 1573; x_wconf 83' lang='lat' dir='ltr'>elegantia</span> <span class='ocrx_word' id='word_1_318' title='bbox 1555 1538 1615 1562; x_wconf 86' lang='lat' dir='ltr'>ea-</span> 
     </span>
     <span class='ocr_line' id='line_1_30' title="bbox 154 1573 1615 1621; baseline -0.001 -13"><span class='ocrx_word' id='word_1_319' title='bbox 154 1575 192 1608; x_wconf 90' lang='lat' dir='ltr'>in</span> <span class='ocrx_word' id='word_1_320' title='bbox 208 1574 397 1609; x_wconf 83' lang='lat' dir='ltr'>lasciviam</span> <span class='ocrx_word' id='word_1_321' title='bbox 413 1576 727 1621; x_wconf 82' lang='lat' dir='ltr'>degeneraverint,</span> <span class='ocrx_word' id='word_1_322' title='bbox 746 1575 981 1620; x_wconf 75' lang='lat' dir='ltr'>apertejdem</span> <span class='ocrx_word' id='word_1_323' title='bbox 1010 1586 1083 1619; x_wconf 87' lang='lat' dir='ltr'>qua</span> <span class='ocrx_word' id='word_1_324' title='bbox 1110 1574 1264 1608; x_wconf 87' lang='lat' dir='ltr'>Amores</span> <span class='ocrx_word' id='word_1_325' title='bbox 1293 1573 1507 1618; x_wconf 78' lang='lat' dir='ltr'>conscripti,</span> <span class='ocrx_word' id='word_1_326' title='bbox 1540 1574 1615 1607; x_wconf 89' lang='lat' dir='ltr'>iam</span> 
     </span>
     <span class='ocr_line' id='line_1_31' title="bbox 154 1618 1616 1664; baseline -0.001 -10"><span class='ocrx_word' id='word_1_327' title='bbox 154 1624 368 1654; x_wconf 87' lang='lat' dir='ltr'>monstrant.</span> <span class='ocrx_word' id='word_1_328' title='bbox 400 1620 446 1654; x_wconf 89' lang='lat' dir='ltr'>ef.</span> <span class='ocrx_word' id='word_1_329' title='bbox 472 1620 596 1661; x_wconf 80' lang='lat' dir='ltr'>Quint.</span> <span class='ocrx_word' id='word_1_330' title='bbox 625 1621 662 1654; x_wconf 92' lang='lat' dir='ltr'>X</span> <span class='ocrx_word' id='word_1_331' title='bbox 692 1622 724 1664; x_wconf 85' lang='lat'>1,</span> <span class='ocrx_word' id='word_1_332' title='bbox 747 1621 803 1656; x_wconf 83' lang='lat'>93.</span> <span class='ocrx_word' id='word_1_333' title='bbox 828 1621 994 1664; x_wconf 51' lang='lat' dir='ltr'>——lvero‚</span> <span class='ocrx_word' id='word_1_334' title='bbox 1011 1619 1049 1653; x_wconf 90' lang='lat' dir='ltr'>ni</span> <span class='ocrx_word' id='word_1_335' title='bbox 1066 1619 1185 1662; x_wconf 87' lang='lat' dir='ltr'>fallor,</span> <span class='ocrx_word' id='word_1_336' title='bbox 1210 1622 1320 1663; x_wconf 89' lang='lat' dir='ltr'>poeta</span> <span class='ocrx_word' id='word_1_337' title='bbox 1336 1618 1524 1664; x_wconf 88' lang='lat' dir='ltr'>ingenium</span> <span class='ocrx_word' id='word_1_338' title='bbox 1542 1629 1616 1653; x_wconf 89' lang='lat' dir='ltr'>non</span> 
     </span>
     <span class='ocr_line' id='line_1_32' title="bbox 154 1663 1615 1711; baseline -0.001 -12"><span class='ocrx_word' id='word_1_339' title='bbox 154 1666 256 1700; x_wconf 88' lang='lat' dir='ltr'>Inter</span> <span class='ocrx_word' id='word_1_340' title='bbox 276 1666 430 1700; x_wconf 87' lang='lat' dir='ltr'>Amores</span> <span class='ocrx_word' id='word_1_341' title='bbox 453 1670 550 1709; x_wconf 89' lang='lat' dir='ltr'>(ante</span> <span class='ocrx_word' id='word_1_342' title='bbox 574 1666 614 1699; x_wconf 90' lang='lat' dir='ltr'>II</span> <span class='ocrx_word' id='word_1_343' title='bbox 631 1668 685 1709; x_wconf 80' lang='grc'>18,</span> <span class='ocrx_word' id='word_1_344' title='bbox 709 1667 773 1701; x_wconf 89' lang='lat' dir='ltr'>sed</span> <span class='ocrx_word' id='word_1_345' title='bbox 790 1665 885 1711; x_wconf 71' lang='lat' dir='ltr'>post&#39;</span> <span class='ocrx_word' id='word_1_346' title='bbox 898 1663 1615 1709; x_wconf 84' lang='lat' dir='ltr'>coercente,frigidiusculihicillicfaeti‚</span> 
     </span>
     <span class='ocr_line' id='line_1_33' title="bbox 154 1709 1615 1757; baseline -0.002 -11"><span class='ocrx_word' id='word_1_347' title='bbox 154 1711 213 1746; x_wconf 85' lang='lat'>111</span> <span class='ocrx_word' id='word_1_348' title='bbox 232 1712 263 1754; x_wconf 90' lang='lat'>1)</span> <span class='ocrx_word' id='word_1_349' title='bbox 290 1711 489 1745; x_wconf 88' lang='lat' dir='ltr'>Medeam</span> <span class='ocrx_word' id='word_1_350' title='bbox 511 1711 741 1757; x_wconf 82' lang='lat' dir='ltr'>tragoediam</span> <span class='ocrx_word' id='word_1_351' title='bbox 764 1711 872 1746; x_wconf 89' lang='lat' dir='ltr'>hodie</span> <span class='ocrx_word' id='word_1_352' title='bbox 884 1710 885 1752; x_wconf 68' lang='lat' dir='ltr'>J</span> <span class='ocrx_word' id='word_1_353' title='bbox 898 1711 994 1755; x_wconf 86' lang='lat' dir='ltr'>quod</span> <span class='ocrx_word' id='word_1_354' title='bbox 1011 1710 1129 1756; x_wconf 85' lang='lat' dir='ltr'>magis</span> <span class='ocrx_word' id='word_1_355' title='bbox 1148 1710 1257 1744; x_wconf 88' lang='lat' dir='ltr'>etiam</span> <span class='ocrx_word' id='word_1_356' title='bbox 1275 1709 1323 1743; x_wconf 89' lang='lat' dir='ltr'>ad</span> <span class='ocrx_word' id='word_1_357' title='bbox 1339 1709 1517 1744; x_wconf 86' lang='lat' dir='ltr'>Remedia</span> <span class='ocrx_word' id='word_1_358' title='bbox 1534 1720 1615 1755; x_wconf 88' lang='lat' dir='ltr'>per-</span> 
     </span>
    </p>
   </div>
   <div class='ocr_carea' id='block_1_3' title="bbox 155 1755 1617 1844">
    <p class='ocr_par' dir='ltr' id='par_1_4' title="bbox 155 1755 1617 1844">
     <span class='ocr_line' id='line_1_34' title="bbox 155 1755 1617 1802; baseline -0.001 -12"><span class='ocrx_word' id='word_1_359' title='bbox 155 1756 384 1801; x_wconf 85' lang='lat' dir='ltr'>deperditam</span> <span class='ocrx_word' id='word_1_360' title='bbox 414 1757 570 1802; x_wconf 85' lang='lat' dir='ltr'>scripsit,</span> <span class='ocrx_word' id='word_1_361' title='bbox 601 1767 674 1801; x_wconf 87' lang='lat' dir='ltr'>qua</span> <span class='ocrx_word' id='word_1_362' title='bbox 701 1756 989 1801; x_wconf 72' lang='lat' dir='ltr'>ostendit,&#39;tinet</span> <span class='ocrx_word' id='word_1_363' title='bbox 1021 1755 1126 1800; x_wconf 89' lang='lat' dir='ltr'>eique</span> <span class='ocrx_word' id='word_1_364' title='bbox 1154 1756 1348 1799; x_wconf 57' lang='lat' dir='ltr'>armamenti</span> <span class='ocrx_word' id='word_1_365' title='bbox 1374 1757 1463 1789; x_wconf 81' lang='lat' dir='ltr'>lento</span> <span class='ocrx_word' id='word_1_366' title='bbox 1491 1762 1617 1799; x_wconf 77' lang='lat' dir='ltr'>poetae</span> 
     </span>
     <span class='ocr_line' id='line_1_35' title="bbox 897 1800 1616 1844; baseline -0.003 -9"><span class='ocrx_word' id='word_1_367' title='bbox 897 1801 993 1843; x_wconf 90' lang='lat' dir='ltr'>(Am.</span> <span class='ocrx_word' id='word_1_368' title='bbox 1012 1801 1070 1835; x_wconf 88' lang='lat' dir='ltr'>Ill</span> <span class='ocrx_word' id='word_1_369' title='bbox 1088 1802 1120 1844; x_wconf 87' lang='lat'>1,</span> <span class='ocrx_word' id='word_1_370' title='bbox 1135 1801 1190 1843; x_wconf 89' lang='grc'>16)</span> <span class='ocrx_word' id='word_1_371' title='bbox 1208 1800 1318 1834; x_wconf 90' lang='lat' dir='ltr'>aliam</span> <span class='ocrx_word' id='word_1_372' title='bbox 1335 1800 1526 1834; x_wconf 87' lang='lat' dir='ltr'>materiam</span> <span class='ocrx_word' id='word_1_373' title='bbox 1541 1800 1616 1834; x_wconf 87' lang='lat' dir='ltr'>iam</span> 
     </span>
    </p>
   </div>
   <div class='ocr_carea' id='block_1_4' title="bbox 922 1845 1616 1934">
    <p class='ocr_par' dir='ltr' id='par_1_5' title="bbox 922 1845 1616 1934">
     <span class='ocr_line' id='line_1_36' title="bbox 922 1845 1616 1890; baseline -0.001 -10"><span class='ocrx_word' id='word_1_374' title='bbox 922 1847 1144 1881; x_wconf 89' lang='lat' dir='ltr'>uaerendam</span> <span class='ocrx_word' id='word_1_375' title='bbox 1176 1845 1288 1880; x_wconf 87' lang='lat' dir='ltr'>fuisse</span> <span class='ocrx_word' id='word_1_376' title='bbox 1317 1849 1511 1887; x_wconf 85' lang='lat' dir='ltr'>monstrat,</span> <span class='ocrx_word' id='word_1_377' title='bbox 1545 1857 1616 1890; x_wconf 88' lang='lat' dir='ltr'>quo</span> 
     </span>
     <span class='ocr_line' id='line_1_37' title="bbox 925 1890 1616 1934; baseline 0 -8"><span class='ocrx_word' id='word_1_378' title='bbox 925 1895 1001 1926; x_wconf 84' lang='lat' dir='ltr'>eret</span> <span class='ocrx_word' id='word_1_379' title='bbox 1037 1895 1131 1926; x_wconf 87' lang='lat' dir='ltr'>teste</span> <span class='ocrx_word' id='word_1_380' title='bbox 1172 1890 1398 1932; x_wconf 83' lang='lat' dir='ltr'>Quintiliano</span> <span class='ocrx_word' id='word_1_381' title='bbox 1429 1891 1468 1925; x_wconf 87' lang='lat' dir='ltr'>X</span> <span class='ocrx_word' id='word_1_382' title='bbox 1500 1893 1537 1934; x_wconf 88' lang='lat'>1,</span> <span class='ocrx_word' id='word_1_383' title='bbox 1571 1891 1616 1926; x_wconf 88' lang='grc'>88</span> 
     </span>
    </p>
   </div>
   <div class='ocr_carea' id='block_1_5' title="bbox 153 1803 885 1938">
    <p class='ocr_par' dir='ltr' id='par_1_6' title="bbox 153 1803 885 1938">
     <span class='ocr_line' id='line_1_38' title="bbox 154 1803 885 1848; baseline 0.001 -13"><span class='ocrx_word' id='word_1_384' title='bbox 154 1808 318 1848; x_wconf 80' lang='lat' dir='ltr'>quantum</span> <span class='ocrx_word' id='word_1_385' title='bbox 330 1808 512 1846; x_wconf 81' lang='lat' dir='ltr'>praestare</span> <span class='ocrx_word' id='word_1_386' title='bbox 519 1803 681 1847; x_wconf 78' lang='lat' dir='ltr'>potuerit,</span> <span class='ocrx_word' id='word_1_387' title='bbox 694 1803 728 1836; x_wconf 81' lang='lat' dir='ltr'>si</span> <span class='ocrx_word' id='word_1_388' title='bbox 738 1804 885 1847; x_wconf 65' lang='lat' dir='ltr'>inqenzo</span> 
     </span>
     <span class='ocr_line' id='line_1_39' title="bbox 153 1848 872 1893; baseline -0.004 -11"><span class='ocrx_word' id='word_1_389' title='bbox 153 1860 215 1882; x_wconf 84' lang='lat' dir='ltr'>suo</span> <span class='ocrx_word' id='word_1_390' title='bbox 232 1848 403 1892; x_wconf 79' lang='lat' dir='ltr'>imperare</span> <span class='ocrx_word' id='word_1_391' title='bbox 420 1859 522 1893; x_wconf 83' lang='lat' dir='ltr'>quam</span> <span class='ocrx_word' id='word_1_392' title='bbox 540 1849 716 1892; x_wconf 72' lang='lat' dir='ltr'>z&#39;nclulqere</span> <span class='ocrx_word' id='word_1_393' title='bbox 731 1849 872 1882; x_wconf 70' lang='lat' dir='ltr'>maluis-</span> 
     </span>
     <span class='ocr_line' id='line_1_40' title="bbox 154 1892 885 1938; baseline 0 -11"><span class='ocrx_word' id='word_1_394' title='bbox 154 1899 203 1927; x_wconf 85' lang='lat' dir='ltr'>set</span> <span class='ocrx_word' id='word_1_395' title='bbox 225 1892 363 1934; x_wconf 85' lang='lat' dir='ltr'>(Quint.</span> <span class='ocrx_word' id='word_1_396' title='bbox 387 1893 425 1927; x_wconf 91' lang='lat' dir='ltr'>X</span> <span class='ocrx_word' id='word_1_397' title='bbox 449 1894 481 1935; x_wconf 88' lang='lat'>1,</span> <span class='ocrx_word' id='word_1_398' title='bbox 504 1893 572 1937; x_wconf 87' lang='grc'><strong>98),</strong></span> <span class='ocrx_word' id='word_1_399' title='bbox 598 1903 766 1938; x_wconf 88' lang='lat' dir='ltr'>quaeque</span> <span class='ocrx_word' id='word_1_400' title='bbox 791 1902 885 1928; x_wconf 64' lang='lat' dir='ltr'>cum*</span> 
     </span>
    </p>
   </div>
   <div class='ocr_carea' id='block_1_6' title="bbox 152 1938 886 2790">
    <p class='ocr_par' dir='ltr' id='par_1_7' title="bbox 152 1938 886 2790">
     <span class='ocr_line' id='line_1_41' title="bbox 152 1938 885 1983; baseline -0.001 -10"><span class='ocrx_word' id='word_1_401' title='bbox 152 1938 258 1974; x_wconf 89' lang='lat' dir='ltr'>Varii</span> <span class='ocrx_word' id='word_1_402' title='bbox 275 1938 440 1983; x_wconf 83' lang='lat' dir='ltr'>Thyeste</span> <span class='ocrx_word' id='word_1_403' title='bbox 457 1938 740 1973; x_wconf 88' lang='lat' dir='ltr'>illustrissimum</span> <span class='ocrx_word' id='word_1_404' title='bbox 756 1949 885 1973; x_wconf 49' lang='lat' dir='ltr'>novae:</span> 
     </span>
     <span class='ocr_line' id='line_1_42' title="bbox 152 1983 884 2030; baseline 0 -12"><span class='ocrx_word' id='word_1_405' title='bbox 152 1983 399 2018; x_wconf 88' lang='lat' dir='ltr'>Romanorum</span> <span class='ocrx_word' id='word_1_406' title='bbox 421 1984 636 2030; x_wconf 83' lang='lat' dir='ltr'>tragoediae</span> <span class='ocrx_word' id='word_1_407' title='bbox 667 1996 767 2019; x_wconf 80' lang='lat' dir='ltr'>exem</span> <span class='ocrx_word' id='word_1_408' title='bbox 797 1984 884 2023; x_wconf 45' lang='lat' dir='ltr'>lum,</span> 
     </span>
     <span class='ocr_line' id='line_1_43' title="bbox 152 2029 872 2110; baseline -0.001 -46"><span class='ocrx_word' id='word_1_409' title='bbox 152 2029 345 2110; x_wconf 59' lang='grc' dir='ltr'>ΙῇΙιὶἓξξὸΤὲιο.</span> <span class='ocrx_word' id='word_1_410' title='bbox 365 2030 451 2064; x_wconf 86' lang='lat' dir='ltr'>dial.</span> <span class='ocrx_word' id='word_1_411' title='bbox 471 2031 538 2074; x_wconf 74' lang='grc'><strong>12).</strong></span> <span class='ocrx_word' id='word_1_412' title='bbox 564 2029 610 2064; x_wconf 87' lang='lat' dir='ltr'>cf.</span> <span class='ocrx_word' id='word_1_413' title='bbox 631 2030 742 2065; x_wconf 88' lang='lat' dir='ltr'>etiam</span> <span class='ocrx_word' id='word_1_414' title='bbox 795 2029 872 2064; x_wconf 88' lang='lat' dir='ltr'>rist.</span> 
     </span>
     <span class='ocr_line' id='line_1_44' title="bbox 198 2120 872 2156; baseline -0.001 0"><span class='ocrx_word' id='word_1_415' title='bbox 198 2121 231 2156; x_wconf 89' lang='lat'>3.</span> <span class='ocrx_word' id='word_1_416' title='bbox 272 2121 346 2155; x_wconf 82' lang='lat' dir='ltr'>Hie</span> <span class='ocrx_word' id='word_1_417' title='bbox 382 2120 495 2155; x_wconf 88' lang='lat' dir='ltr'>inieci</span> <span class='ocrx_word' id='word_1_418' title='bbox 527 2120 872 2156; x_wconf 86' lang='lat' dir='ltr'>Medicaminum</span> 
     </span>
     <span class='ocr_line' id='line_1_45' title="bbox 153 2165 871 2212; baseline 0.001 -12"><span class='ocrx_word' id='word_1_419' title='bbox 153 2165 321 2201; x_wconf 88' lang='lat' dir='ltr'>formae</span> <span class='ocrx_word' id='word_1_420' title='bbox 335 2166 593 2211; x_wconf 83' lang='lat' dir='ltr'>fragmentum,</span> <span class='ocrx_word' id='word_1_421' title='bbox 609 2167 705 2212; x_wconf 91' lang='lat' dir='ltr'>quod</span> <span class='ocrx_word' id='word_1_422' title='bbox 719 2178 871 2212; x_wconf 85' lang='lat' dir='ltr'>opuseu-</span> 
     </span>
     <span class='ocr_line' id='line_1_46' title="bbox 152 2211 872 2247; baseline 0 -1"><span class='ocrx_word' id='word_1_423' title='bbox 152 2211 227 2246; x_wconf 93' lang='lat' dir='ltr'>lum</span> <span class='ocrx_word' id='word_1_424' title='bbox 235 2212 281 2246; x_wconf 94' lang='lat' dir='ltr'>A.</span> <span class='ocrx_word' id='word_1_425' title='bbox 291 2223 323 2246; x_wconf 91' lang='lat' dir='ltr'>a.</span> <span class='ocrx_word' id='word_1_426' title='bbox 333 2212 391 2246; x_wconf 94' lang='lat' dir='ltr'>III</span> <span class='ocrx_word' id='word_1_427' title='bbox 399 2213 467 2247; x_wconf 80' lang='lat'>205</span> <span class='ocrx_word' id='word_1_428' title='bbox 480 2212 661 2247; x_wconf 88' lang='lat' dir='ltr'>laudatur.</span> <span class='ocrx_word' id='word_1_429' title='bbox 693 2212 752 2247; x_wconf 89' lang='lat' dir='ltr'>De</span> <span class='ocrx_word' id='word_1_430' title='bbox 765 2212 872 2246; x_wconf 86' lang='lat' dir='ltr'>titulo</span> 
     </span>
     <span class='ocr_line' id='line_1_47' title="bbox 154 2257 871 2303; baseline 0.001 -12"><span class='ocrx_word' id='word_1_431' title='bbox 154 2267 197 2291; x_wconf 86' lang='lat' dir='ltr'>ex</span> <span class='ocrx_word' id='word_1_432' title='bbox 219 2257 322 2292; x_wconf 88' lang='lat' dir='ltr'>libris</span> <span class='ocrx_word' id='word_1_433' title='bbox 341 2260 416 2292; x_wconf 80' lang='lat' dir='ltr'>&#39;non</span> <span class='ocrx_word' id='word_1_434' title='bbox 439 2261 592 2302; x_wconf 88' lang='lat' dir='ltr'>constat,</span> <span class='ocrx_word' id='word_1_435' title='bbox 623 2268 735 2303; x_wconf 88' lang='lat' dir='ltr'>quare</span> <span class='ocrx_word' id='word_1_436' title='bbox 767 2257 871 2292; x_wconf 84' lang='lat' dir='ltr'>dubi-</span> 
     </span>
     <span class='ocr_line' id='line_1_48' title="bbox 152 2303 871 2348; baseline 0.001 -12"><span class='ocrx_word' id='word_1_437' title='bbox 152 2306 274 2337; x_wconf 86' lang='lat' dir='ltr'>tanter</span> <span class='ocrx_word' id='word_1_438' title='bbox 297 2314 341 2338; x_wconf 81' lang='lat' dir='ltr'>ex</span> <span class='ocrx_word' id='word_1_439' title='bbox 357 2303 380 2337; x_wconf 89' lang='lat'>1.</span> <span class='ocrx_word' id='word_1_440' title='bbox 400 2314 430 2338; x_wconf 91' lang='lat' dir='ltr'>c.</span> <span class='ocrx_word' id='word_1_441' title='bbox 456 2303 652 2348; x_wconf 90' lang='lat' dir='ltr'>desumpsi.</span> <span class='ocrx_word' id='word_1_442' title='bbox 702 2303 871 2338; x_wconf 84' lang='lat' dir='ltr'>Ceterum</span> 
     </span>
     <span class='ocr_line' id='line_1_49' title="bbox 152 2348 870 2394; baseline 0.001 -12"><span class='ocrx_word' id='word_1_443' title='bbox 152 2357 200 2382; x_wconf 85' lang='lat' dir='ltr'>ne</span> <span class='ocrx_word' id='word_1_444' title='bbox 222 2348 314 2382; x_wconf 86' lang='lat' dir='ltr'>illud</span> <span class='ocrx_word' id='word_1_445' title='bbox 337 2348 485 2393; x_wconf 88' lang='lat' dir='ltr'>quidem</span> <span class='ocrx_word' id='word_1_446' title='bbox 507 2352 633 2394; x_wconf 88' lang='lat' dir='ltr'>aperte</span> <span class='ocrx_word' id='word_1_447' title='bbox 662 2348 802 2383; x_wconf 85' lang='lat' dir='ltr'>indicat</span> <span class='ocrx_word' id='word_1_448' title='bbox 824 2349 870 2384; x_wconf 91' lang='lat' dir='ltr'>N.</span> 
     </span>
     <span class='ocr_line' id='line_1_50' title="bbox 153 2392 872 2439; baseline 0.001 -12"><span class='ocrx_word' id='word_1_449' title='bbox 153 2392 436 2437; x_wconf 85' lang='lat' dir='ltr'>Heinsius‚num</span> <span class='ocrx_word' id='word_1_450' title='bbox 449 2393 533 2428; x_wconf 87' lang='lat' dir='ltr'>libri</span> <span class='ocrx_word' id='word_1_451' title='bbox 548 2394 627 2428; x_wconf 86' lang='lat' dir='ltr'>eius</span> <span class='ocrx_word' id='word_1_452' title='bbox 640 2394 872 2439; x_wconf 88' lang='lat' dir='ltr'>(praecipuus</span> 
     </span>
     <span class='ocr_line' id='line_1_51' title="bbox 155 2438 870 2484; baseline 0.001 -12"><span class='ocrx_word' id='word_1_453' title='bbox 155 2441 211 2472; x_wconf 83' lang='lat' dir='ltr'>est</span> <span class='ocrx_word' id='word_1_454' title='bbox 232 2438 514 2482; x_wconf 86' lang='lat' dir='ltr'>Neapolitanus,</span> <span class='ocrx_word' id='word_1_455' title='bbox 544 2449 654 2484; x_wconf 89' lang='lat' dir='ltr'>quem</span> <span class='ocrx_word' id='word_1_456' title='bbox 681 2439 743 2474; x_wconf 89' lang='lat' dir='ltr'>ille</span> <span class='ocrx_word' id='word_1_457' title='bbox 768 2439 815 2473; x_wconf 89' lang='lat' dir='ltr'>ad</span> <span class='ocrx_word' id='word_1_458' title='bbox 837 2451 870 2473; x_wconf 87' lang='lat' dir='ltr'>v.</span> 
     </span>
     <span class='ocr_line' id='line_1_52' title="bbox 153 2483 871 2527; baseline -0.001 -9"><span class='ocrx_word' id='word_1_459' title='bbox 153 2483 199 2518; x_wconf 83' lang='lat'>88</span> <span class='ocrx_word' id='word_1_460' title='bbox 216 2483 362 2518; x_wconf 83' lang='lat' dir='ltr'>saeculo</span> <span class='ocrx_word' id='word_1_461' title='bbox 374 2483 452 2518; x_wconf 89' lang='lat' dir='ltr'>XII</span> <span class='ocrx_word' id='word_1_462' title='bbox 468 2483 608 2527; x_wconf 89' lang='lat' dir='ltr'>tribuit)</span> <span class='ocrx_word' id='word_1_463' title='bbox 626 2495 771 2518; x_wconf 88' lang='lat' dir='ltr'>carmen</span> <span class='ocrx_word' id='word_1_464' title='bbox 788 2484 871 2519; x_wconf 81' lang='lat' dir='ltr'>Ovi-</span> 
     </span>
     <span class='ocr_line' id='line_1_53' title="bbox 156 2528 872 2570; baseline 0 -7"><span class='ocrx_word' id='word_1_465' title='bbox 156 2528 216 2563; x_wconf 86' lang='lat' dir='ltr'>dio</span> <span class='ocrx_word' id='word_1_466' title='bbox 237 2539 322 2564; x_wconf 87' lang='lat' dir='ltr'>vere</span> <span class='ocrx_word' id='word_1_467' title='bbox 343 2528 518 2563; x_wconf 86' lang='lat' dir='ltr'>tribuant.</span> <span class='ocrx_word' id='word_1_468' title='bbox 568 2528 706 2570; x_wconf 83' lang='lat' dir='ltr'>Quodsi</span> <span class='ocrx_word' id='word_1_469' title='bbox 733 2529 772 2563; x_wconf 91' lang='lat' dir='ltr'>id</span> <span class='ocrx_word' id='word_1_470' title='bbox 800 2528 872 2563; x_wconf 87' lang='lat' dir='ltr'>for-</span> 
     </span>
     <span class='ocr_line' id='line_1_54' title="bbox 153 2573 873 2620; baseline 0 -12"><span class='ocrx_word' id='word_1_471' title='bbox 153 2579 345 2611; x_wconf 70' lang='lat' dir='ltr'>tassenon</span> <span class='ocrx_word' id='word_1_472' title='bbox 367 2573 524 2618; x_wconf 88' lang='lat' dir='ltr'>faciant,</span> <span class='ocrx_word' id='word_1_473' title='bbox 555 2574 725 2620; x_wconf 87' lang='lat' dir='ltr'>equidem</span> <span class='ocrx_word' id='word_1_474' title='bbox 753 2575 873 2608; x_wconf 86' lang='lat' dir='ltr'>nullus</span> 
     </span>
     <span class='ocr_line' id='line_1_55' title="bbox 155 2619 872 2664; baseline -0.001 -10"><span class='ocrx_word' id='word_1_475' title='bbox 155 2619 331 2663; x_wconf 89' lang='lat' dir='ltr'>dubitem,</span> <span class='ocrx_word' id='word_1_476' title='bbox 365 2620 455 2664; x_wconf 88' lang='lat' dir='ltr'>quin</span> <span class='ocrx_word' id='word_1_477' title='bbox 486 2620 648 2654; x_wconf 87' lang='lat' dir='ltr'>ieiunum</span> <span class='ocrx_word' id='word_1_478' title='bbox 680 2623 717 2655; x_wconf 90' lang='lat' dir='ltr'>et</span> <span class='ocrx_word' id='word_1_479' title='bbox 749 2620 872 2654; x_wconf 83' lang='lat' dir='ltr'>sterile</span> 
     </span>
     <span class='ocr_line' id='line_1_56' title="bbox 153 2665 872 2711; baseline -0.001 -11"><span class='ocrx_word' id='word_1_480' title='bbox 153 2666 377 2711; x_wconf 88' lang='lat' dir='ltr'>poematium</span> <span class='ocrx_word' id='word_1_481' title='bbox 417 2665 548 2701; x_wconf 83' lang='lat' dir='ltr'>Ovidio</span> <span class='ocrx_word' id='word_1_482' title='bbox 587 2665 872 2700; x_wconf 87' lang='lat' dir='ltr'>abiudieandum</span> 
     </span>
     <span class='ocr_line' id='line_1_57' title="bbox 156 2710 886 2790; baseline 0.001 -45"><span class='ocrx_word' id='word_1_483' title='bbox 156 2714 194 2790; x_wconf 60' lang='lat' dir='ltr'>gt</span> <span class='ocrx_word' id='word_1_484' title='bbox 213 2714 345 2756; x_wconf 86' lang='lat' dir='ltr'>poetae</span> <span class='ocrx_word' id='word_1_485' title='bbox 369 2710 549 2747; x_wconf 87' lang='lat' dir='ltr'>Ovidiano</span> <span class='ocrx_word' id='word_1_486' title='bbox 573 2711 683 2746; x_wconf 89' lang='lat' dir='ltr'>alicui</span> <span class='ocrx_word' id='word_1_487' title='bbox 711 2711 886 2785; x_wconf 59' lang='lat' dir='ltr'>tribum—¹</span> 
     </span>
     <span class='ocr_line' id='line_1_58' title="bbox 180 2756 318 2790; baseline 0 0"><span class='ocrx_word' id='word_1_488' title='bbox 180 2767 243 2790; x_wconf 94' lang='lat' dir='ltr'>um</span> <span class='ocrx_word' id='word_1_489' title='bbox 260 2756 318 2790; x_wconf 87' lang='lat' dir='ltr'>sit.</span> 
     </span>
    </p>
   </div>
   <div class='ocr_carea' id='block_1_7' title="bbox 881 1835 889 2724">
    <p class='ocr_par' dir='ltr' id='par_1_8' title="bbox 881 1835 889 2724">
     <span class='ocr_line' id='line_1_59' title="bbox 881 1835 889 2724; baseline 0 0"><span class='ocrx_word' id='word_1_490' title='bbox 881 1835 889 2724; x_wconf 95' lang='lat' dir='ltr'> </span> 
     </span>
    </p>
   </div>
   <div class='ocr_carea' id='block_1_8' title="bbox 895 1937 1617 2800">
    <p class='ocr_par' dir='ltr' id='par_1_9' title="bbox 895 1937 1617 2073">
     <span class='ocr_line' id='line_1_60' title="bbox 897 1937 1617 1983; baseline -0.004 -11"><span class='ocrx_word' id='word_1_491' title='bbox 897 1939 1044 1972; x_wconf 75' lang='lat' dir='ltr'>lascivus</span> <span class='ocrx_word' id='word_1_492' title='bbox 1067 1938 1199 1983; x_wconf 73' lang='lat' dir='ltr'>quidem</span> <span class='ocrx_word' id='word_1_493' title='bbox 1222 1937 1257 1970; x_wconf 80' lang='lat' dir='ltr'>in</span> <span class='ocrx_word' id='word_1_494' title='bbox 1286 1938 1396 1970; x_wconf 74' lang='lat' dir='ltr'>herois</span> <span class='ocrx_word' id='word_1_495' title='bbox 1424 1949 1558 1982; x_wconf 75' lang='lat' dir='ltr'>quoque</span> <span class='ocrx_word' id='word_1_496' title='bbox 1586 1943 1617 1970; x_wconf 83' lang='lat' dir='ltr'>et</span> 
     </span>
     <span class='ocr_line' id='line_1_61' title="bbox 895 1983 1614 2027; baseline -0.001 -11"><span class='ocrx_word' id='word_1_497' title='bbox 895 1984 1036 2017; x_wconf 72' lang='lat' dir='ltr'>nimium</span> <span class='ocrx_word' id='word_1_498' title='bbox 1054 1989 1191 2017; x_wconf 78' lang='lat' dir='ltr'>amaror</span> <span class='ocrx_word' id='word_1_499' title='bbox 1208 1983 1337 2027; x_wconf 75' lang='lat' dir='ltr'>z&#39;nyenz&#39;i</span> <span class='ocrx_word' id='word_1_500' title='bbox 1351 1983 1414 2025; x_wconf 75' lang='lat' dir='ltr'>sui,</span> <span class='ocrx_word' id='word_1_501' title='bbox 1432 1984 1445 2016; x_wconf 87' lang='lat' dir='ltr'><em>l</em></span> <span class='ocrx_word' id='word_1_502' title='bbox 1452 1994 1473 2016; x_wconf 81' lang='lat' dir='ltr'>a</span> <span class='ocrx_word' id='word_1_503' title='bbox 1484 1995 1503 2015; x_wconf 74' lang='lat' dir='ltr'>a</span> <span class='ocrx_word' id='word_1_504' title='bbox 1513 1984 1534 2016; x_wconf 78' lang='lat' dir='ltr'>ci</span> <span class='ocrx_word' id='word_1_505' title='bbox 1541 1995 1614 2016; x_wconf 84' lang='grc' dir='ltr'>αη-</span> 
     </span>
     <span class='ocr_line' id='line_1_62' title="bbox 896 2029 1402 2073; baseline -0.002 -11"><span class='ocrx_word' id='word_1_506' title='bbox 896 2030 972 2062; x_wconf 79' lang='lat' dir='ltr'>dus</span> <span class='ocrx_word' id='word_1_507' title='bbox 989 2036 1101 2063; x_wconf 80' lang='lat' dir='ltr'>tamen</span> <span class='ocrx_word' id='word_1_508' title='bbox 1119 2030 1154 2062; x_wconf 85' lang='lat' dir='ltr'>in</span> <span class='ocrx_word' id='word_1_509' title='bbox 1166 2029 1338 2073; x_wconf 75' lang='lat' dir='ltr'>partibus.</span> <span class='ocrx_word' id='word_1_510' title='bbox 1357 2048 1402 2053; x_wconf 83' lang='lat'>—-</span> 
     </span>
    </p>

    <p class='ocr_par' dir='ltr' id='par_1_10' title="bbox 896 2072 1614 2256">
     <span class='ocr_line' id='line_1_63' title="bbox 942 2072 1613 2119; baseline -0.004 -10"><span class='ocrx_word' id='word_1_511' title='bbox 942 2075 974 2109; x_wconf 81' lang='lat'>6.</span> <span class='ocrx_word' id='word_1_512' title='bbox 1000 2073 1394 2119; x_wconf 86' lang='lat' dir='ltr'>Metamorphoses.</span> <span class='ocrx_word' id='word_1_513' title='bbox 1429 2072 1613 2107; x_wconf 80' lang='lat' dir='ltr'>7.Fasti.</span> 
     </span>
     <span class='ocr_line' id='line_1_64' title="bbox 897 2118 1613 2163; baseline -0.004 -8"><span class='ocrx_word' id='word_1_514' title='bbox 897 2141 942 2145; x_wconf 88' lang='lat'>—</span> <span class='ocrx_word' id='word_1_515' title='bbox 964 2120 997 2155; x_wconf 88' lang='lat'>8.</span> <span class='ocrx_word' id='word_1_516' title='bbox 1023 2119 1206 2154; x_wconf 90' lang='lat' dir='ltr'>Tristia.</span> <span class='ocrx_word' id='word_1_517' title='bbox 1247 2119 1279 2154; x_wconf 87' lang='lat'>9.</span> <span class='ocrx_word' id='word_1_518' title='bbox 1304 2118 1539 2163; x_wconf 85' lang='lat' dir='ltr'>Epistolae</span> <span class='ocrx_word' id='word_1_519' title='bbox 1565 2129 1613 2152; x_wconf 77' lang='lat' dir='ltr'>ex</span> 
     </span>
     <span class='ocr_line' id='line_1_65' title="bbox 896 2163 1614 2200; baseline -0.004 0"><span class='ocrx_word' id='word_1_520' title='bbox 896 2166 1047 2200; x_wconf 88' lang='lat' dir='ltr'>Ponto.</span> <span class='ocrx_word' id='word_1_521' title='bbox 1068 2165 1122 2200; x_wconf 85' lang='lat'>10.</span> <span class='ocrx_word' id='word_1_522' title='bbox 1138 2164 1242 2199; x_wconf 90' lang='lat' dir='ltr'>Ibis.</span> <span class='ocrx_word' id='word_1_523' title='bbox 1263 2163 1614 2198; x_wconf 79' lang='lat' dir='ltr'>ILHalieutiea:</span> 
     </span>
     <span class='ocr_line' id='line_1_66' title="bbox 897 2209 1614 2256; baseline -0.004 -11"><span class='ocrx_word' id='word_1_524' title='bbox 897 2212 942 2246; x_wconf 90' lang='lat' dir='ltr'>de</span> <span class='ocrx_word' id='word_1_525' title='bbox 958 2211 1016 2245; x_wconf 89' lang='lat' dir='ltr'>his</span> <span class='ocrx_word' id='word_1_526' title='bbox 1031 2210 1115 2245; x_wconf 90' lang='lat' dir='ltr'>vide</span> <span class='ocrx_word' id='word_1_527' title='bbox 1132 2209 1262 2256; x_wconf 84' lang='lat' dir='ltr'>praeff.</span> <span class='ocrx_word' id='word_1_528' title='bbox 1280 2209 1504 2243; x_wconf 84' lang='lat' dir='ltr'>voluminum</span> <span class='ocrx_word' id='word_1_529' title='bbox 1521 2209 1559 2243; x_wconf 88' lang='lat' dir='ltr'>H</span> <span class='ocrx_word' id='word_1_530' title='bbox 1578 2212 1614 2244; x_wconf 88' lang='lat' dir='ltr'>et</span> 
     </span>
    </p>

    <p class='ocr_par' dir='ltr' id='par_1_11' title="bbox 895 2299 1616 2800">
     <span class='ocr_line' id='line_1_67' title="bbox 942 2299 1614 2337; baseline -0.003 -1"><span class='ocrx_word' id='word_1_531' title='bbox 942 2302 1098 2337; x_wconf 86' lang='lat' dir='ltr'>Nasonis</span> <span class='ocrx_word' id='word_1_532' title='bbox 1113 2300 1273 2336; x_wconf 81' lang='lat' dir='ltr'>earmina</span> <span class='ocrx_word' id='word_1_533' title='bbox 1287 2300 1411 2334; x_wconf 86' lang='lat' dir='ltr'>statim</span> <span class='ocrx_word' id='word_1_534' title='bbox 1424 2299 1614 2334; x_wconf 87' lang='lat' dir='ltr'>notissima</span> 
     </span>
     <span class='ocr_line' id='line_1_68' title="bbox 896 2344 1613 2391; baseline -0.006 -9"><span class='ocrx_word' id='word_1_535' title='bbox 896 2347 996 2382; x_wconf 86' lang='lat' dir='ltr'>faeta</span> <span class='ocrx_word' id='word_1_536' title='bbox 1013 2351 1106 2381; x_wconf 91' lang='lat' dir='ltr'>sunt.</span> <span class='ocrx_word' id='word_1_537' title='bbox 1151 2347 1236 2391; x_wconf 91' lang='lat' dir='ltr'>Ipse</span> <span class='ocrx_word' id='word_1_538' title='bbox 1254 2345 1409 2391; x_wconf 82' lang='lat' dir='ltr'>gloriam</span> <span class='ocrx_word' id='word_1_539' title='bbox 1427 2356 1499 2389; x_wconf 87' lang='lat' dir='ltr'>qua</span> <span class='ocrx_word' id='word_1_540' title='bbox 1517 2344 1613 2379; x_wconf 88' lang='lat' dir='ltr'>frue-</span> 
     </span>
     <span class='ocr_line' id='line_1_69' title="bbox 898 2389 1614 2437; baseline -0.004 -10"><span class='ocrx_word' id='word_1_541' title='bbox 898 2393 1005 2427; x_wconf 88' lang='lat' dir='ltr'>batur</span> <span class='ocrx_word' id='word_1_542' title='bbox 1021 2392 1166 2437; x_wconf 89' lang='lat' dir='ltr'>saepius</span> <span class='ocrx_word' id='word_1_543' title='bbox 1185 2394 1451 2425; x_wconf 86' lang='lat' dir='ltr'>commemorat.</span> <span class='ocrx_word' id='word_1_544' title='bbox 1481 2389 1614 2424; x_wconf 86' lang='lat' dir='ltr'>Saecu-</span> 
     </span>
     <span class='ocr_line' id='line_1_70' title="bbox 895 2436 1613 2471; baseline -0.003 0"><span class='ocrx_word' id='word_1_545' title='bbox 895 2438 971 2471; x_wconf 91' lang='lat' dir='ltr'>lum</span> <span class='ocrx_word' id='word_1_546' title='bbox 989 2449 1093 2471; x_wconf 89' lang='lat' dir='ltr'>suum</span> <span class='ocrx_word' id='word_1_547' title='bbox 1110 2437 1289 2470; x_wconf 75' lang='lat' dir='ltr'>amatoriis</span> <span class='ocrx_word' id='word_1_548' title='bbox 1306 2448 1375 2469; x_wconf 84' lang='lat' dir='ltr'>non</span> <span class='ocrx_word' id='word_1_549' title='bbox 1389 2436 1520 2470; x_wconf 74' lang='lat' dir='ltr'>artibus</span> <span class='ocrx_word' id='word_1_550' title='bbox 1537 2442 1613 2469; x_wconf 75' lang='lat' dir='ltr'>tcm-</span> 
     </span>
     <span class='ocr_line' id='line_1_71' title="bbox 898 2480 1611 2526; baseline -0.003 -10"><span class='ocrx_word' id='word_1_551' title='bbox 898 2490 965 2517; x_wconf 82' lang='lat' dir='ltr'>tum</span> <span class='ocrx_word' id='word_1_552' title='bbox 982 2484 1042 2516; x_wconf 82' lang='lat' dir='ltr'>sed</span> <span class='ocrx_word' id='word_1_553' title='bbox 1057 2483 1229 2516; x_wconf 71' lang='lat' dir='ltr'>sententiis</span> <span class='ocrx_word' id='word_1_554' title='bbox 1246 2483 1394 2526; x_wconf 78' lang='lat' dir='ltr'>implevit</span> <span class='ocrx_word' id='word_1_555' title='bbox 1416 2480 1514 2522; x_wconf 83' lang='lat' dir='ltr'>(Sen.</span> <span class='ocrx_word' id='word_1_556' title='bbox 1535 2492 1611 2515; x_wconf 75' lang='lat' dir='ltr'>exe.</span> 
     </span>
     <span class='ocr_line' id='line_1_72' title="bbox 897 2526 1615 2571; baseline -0.003 -9"><span class='ocrx_word' id='word_1_557' title='bbox 897 2531 1053 2562; x_wconf 86' lang='lat' dir='ltr'>controv.</span> <span class='ocrx_word' id='word_1_558' title='bbox 1078 2528 1135 2561; x_wconf 87' lang='lat' dir='ltr'>III</span> <span class='ocrx_word' id='word_1_559' title='bbox 1158 2528 1202 2570; x_wconf 82' lang='lat'>7).</span> <span class='ocrx_word' id='word_1_560' title='bbox 1256 2526 1444 2571; x_wconf 89' lang='lat' dir='ltr'>Pompeiis</span> <span class='ocrx_word' id='word_1_561' title='bbox 1476 2526 1615 2561; x_wconf 89' lang='lat' dir='ltr'>inventi</span> 
     </span>
     <span class='ocr_line' id='line_1_73' title="bbox 897 2572 1616 2617; baseline -0.004 -9"><span class='ocrx_word' id='word_1_562' title='bbox 897 2578 979 2608; x_wconf 86' lang='lat' dir='ltr'>sunt</span> <span class='ocrx_word' id='word_1_563' title='bbox 1009 2573 1181 2607; x_wconf 85' lang='lat' dir='ltr'>versiculi</span> <span class='ocrx_word' id='word_1_564' title='bbox 1211 2572 1416 2617; x_wconf 88' lang='lat' dir='ltr'>parietibus</span> <span class='ocrx_word' id='word_1_565' title='bbox 1446 2572 1616 2617; x_wconf 84' lang='lat' dir='ltr'>inscripti</span> 
     </span>
     <span class='ocr_line' id='line_1_74' title="bbox 896 2617 1610 2663; baseline -0.004 -10"><span class='ocrx_word' id='word_1_566' title='bbox 896 2620 978 2653; x_wconf 84' lang='lat' dir='ltr'>Am.</span> <span class='ocrx_word' id='word_1_567' title='bbox 999 2619 1016 2652; x_wconf 91' lang='lat' dir='ltr'>I</span> <span class='ocrx_word' id='word_1_568' title='bbox 1033 2619 1066 2662; x_wconf 87' lang='grc'>8,</span> <span class='ocrx_word' id='word_1_569' title='bbox 1086 2619 1128 2653; x_wconf 86' lang='grc'>77</span> <span class='ocrx_word' id='word_1_570' title='bbox 1147 2629 1199 2663; x_wconf 86' lang='lat' dir='ltr'>sq.</span> <span class='ocrx_word' id='word_1_571' title='bbox 1218 2617 1277 2652; x_wconf 85' lang='lat' dir='ltr'>III</span> <span class='ocrx_word' id='word_1_572' title='bbox 1294 2619 1349 2659; x_wconf 89' lang='grc'>11,</span> <span class='ocrx_word' id='word_1_573' title='bbox 1367 2619 1422 2652; x_wconf 80' lang='grc'>35.</span> <span class='ocrx_word' id='word_1_574' title='bbox 1441 2618 1521 2651; x_wconf 87' lang='lat' dir='ltr'>Art.</span> <span class='ocrx_word' id='word_1_575' title='bbox 1541 2628 1610 2651; x_wconf 87' lang='lat' dir='ltr'>am.</span> 
     </span>
     <span class='ocr_line' id='line_1_75' title="bbox 896 2663 1611 2709; baseline -0.003 -11"><span class='ocrx_word' id='word_1_576' title='bbox 896 2665 913 2698; x_wconf 95' lang='grc' dir='ltr'>Ι</span> <span class='ocrx_word' id='word_1_577' title='bbox 931 2665 1060 2709; x_wconf 81' lang='lat' dir='ltr'>475sq.</span> <span class='ocrx_word' id='word_1_578' title='bbox 1080 2664 1254 2708; x_wconf 80' lang='lat' dir='ltr'>(C.Inscr.</span> <span class='ocrx_word' id='word_1_579' title='bbox 1273 2663 1317 2697; x_wconf 89' lang='lat' dir='ltr'>L.</span> <span class='ocrx_word' id='word_1_580' title='bbox 1332 2663 1389 2698; x_wconf 89' lang='lat' dir='ltr'>IV</span> <span class='ocrx_word' id='word_1_581' title='bbox 1402 2663 1611 2697; x_wconf 59' lang='grc'><strong>18931520.</strong></span> 
     </span>
     <span class='ocr_line' id='line_1_76' title="bbox 897 2708 1612 2755; baseline -0.006 -10"><span class='ocrx_word' id='word_1_582' title='bbox 897 2710 1011 2753; x_wconf 85' lang='grc'><strong>1895).</strong></span> <span class='ocrx_word' id='word_1_583' title='bbox 1059 2710 1095 2744; x_wconf 91' lang='grc' dir='ltr'><strong>Α</strong></span> <span class='ocrx_word' id='word_1_584' title='bbox 1118 2709 1436 2755; x_wconf 81' lang='lat' dir='ltr'>grammaticorum</span> <span class='ocrx_word' id='word_1_585' title='bbox 1465 2708 1612 2753; x_wconf 89' lang='lat' dir='ltr'>quidem</span> 
     </span>
     <span class='ocr_line' id='line_1_77' title="bbox 897 2754 1612 2800; baseline -0.004 -10"><span class='ocrx_word' id='word_1_586' title='bbox 897 2755 1029 2790; x_wconf 83' lang='lat' dir='ltr'>scholis</span> <span class='ocrx_word' id='word_1_587' title='bbox 1052 2755 1192 2790; x_wconf 88' lang='lat' dir='ltr'>alienus</span> <span class='ocrx_word' id='word_1_588' title='bbox 1211 2758 1300 2800; x_wconf 88' lang='lat' dir='ltr'>erat,</span> <span class='ocrx_word' id='word_1_589' title='bbox 1322 2754 1361 2788; x_wconf 87' lang='lat' dir='ltr'>id</span> <span class='ocrx_word' id='word_1_590' title='bbox 1385 2754 1482 2799; x_wconf 88' lang='lat' dir='ltr'>quod</span> <span class='ocrx_word' id='word_1_591' title='bbox 1505 2764 1612 2799; x_wconf 84' lang='lat' dir='ltr'>argu-</span> 
     </span>
    </p>
   </div>
  </div>
 </body>
</html>
