1831 3168
325 217 409 260 206
782 223 825 259 Ρ.
853 223 998 259 OVIDI
1024 221 1239 258 NASONIS

383 308 488 350 vidit
514 308 554 348 in
581 305 784 347 inmundo
811 305 931 360 signa
956 304 1155 360 pudenda
1181 312 1283 346 toro.

326 366 487 411 luditis,
514 379 538 404 o
565 364 707 417 siquos
733 371 959 418 potuerunt
985 363 1064 403 ista
1090 376 1277 403 movere:

384 422 587 462 adtlarant
615 419 781 474 tepidae
806 427 979 474 pectora
1004 427 1144 460 vestra
1168 418 1294 460 faces.

231 493 298 521 15.)
326 479 518 520 adn-ahot
543 477 611 518 ille
637 491 742 532 puer
767 484 983 518 contentos
1008 475 1158 516 fortius
1184 490 1319 524 010115,

382 535 525 576 saucia
549 533 750 574 maiorem
777 534 901 574 turba
925 533 1076 588 petetis
1102 547 1238 587 opem.

325 592 445 646 quid,
471 591 543 644 qui
569 591 677 632 clam
702 590 824 631 latuit
848 590 1047 631 reddente
1073 589 1257 631 obscena
1281 588 1422 644 puella

382 658 423 690 ct
447 649 570 697 vidit,
597 661 705 701 quae
731 662 821 688 mos
846 647 936 702 ipse
962 647 1104 688 videre
1129 646 1269 688 vetat?

327 706 366 746 di
393 706 561 753 melius,
587 718 715 758 quam
740 718 817 745 nos
842 719 1088 745 moneamus
1115 703 1215 744 talia
1239 702 1515 757 quemquami

233 776 299 804 410
382 771 427 803 111
452 763 632 817 prosint,
658 776 742 802 11011
768 769 863 802 sunt
890 761 1153 816 expedienda
1177 768 1330 801 tamen.

326 820 469 861 hortor
494 827 553 868 et,
579 826 625 859 111
650 818 806 874 pariter
832 818 951 859 binas
977 818 1167 859 habeatis
1195 817 1370 858 amicas:

384 877 530 917 fortior
555 883 636 924 est,
662 876 823 930 plures,
851 875 1000 929 siquis,
1027 875 1182 917 habere
1207 882 1357 930 potest.

327 942 440 975 secta
465 933 661 988 bipertito
687 947 784 974 eum
809 947 927 974 mens
954 932 1149 973 discurrit
1173 941 1367 985 utroque,

385 990 555 1032 alterius
582 989 691 1030 vires
718 989 927 1030 subtrahit
951 990 1056 1031 alter
1080 1003 1210 1030 amor.

234 1060 299 1088 415>
326 1047 504 1102 grandia
528 1061 603 1102 per
626 1047 781 1087 multos
808 1054 1035 1088 tenuantur
1059 1046 1233 1087 flumina
1257 1046 1383 1095 rivos,

383 1118 594 1157 saevaque
621 1103 794 1145 seducto
821 1103 959 1158 stipite
985 1104 1157 1144 flamma
1181 1104 1301 1158 perit.

326 1176 409 1202 non
437 1161 536 1202 satis
562 1175 646 1201 una
671 1168 783 1201 tenet
810 1168 970 1201 ceratas
997 1160 1180 1201 anchora
1205 1176 1383 1216 puppes

382 1232 460 1259 nec
487 1217 586 1258 satis
612 1224 675 1259 est
699 1217 867 1271 liquidis
893 1217 1041 1258 unicus
1067 1217 1218 1258 hamus
1244 1218 1377 1270 aquis.

327 1275 397 1329 qui
424 1274 503 1315 sibi
528 1274 611 1314 iam
637 1274 801 1329 pridem
826 1274 982 1315 solacia
1012 1274 1111 1314 bina
1136 1274 1313 1329 paravit,

235 1344 300 1373 4:10
383 1332 467 1372 iam
492 1331 655 1386 pridem
682 1346 847 1371 summa
873 1331 1005 1372 vietor
1030 1331 1071 1371 in
1098 1345 1193 1372 arce
1219 1330 1312 1372 fuit.

326 1395 366 1429 at
393 1388 486 1437 tibi,
513 1388 586 1441 qui
611 1387 739 1429 fueris
765 1388 959 1428 dominae
985 1388 1094 1429 male
1120 1387 1302 1429 creditus
1328 1387 1415 1437 uni,

382 1459 494 1485 nunc
520 1445 668 1485 saltem
692 1459 827 1485 novus
854 1452 916 1485 est
940 1444 1220 1485 inveniendus
1246 1458 1376 1485 amor.

324 1501 558 1556 Pasipha'e’s
584 1501 728 1542 Minos
753 1501 795 1542 in
821 1501 1036 1555 Prognide
1061 1500 1244 1555 perdidit
1267 1500 1406 1555 ignes:

383 1558 508 1600 cessit
533 1558 586 1599 ab
612 1558 743 1599 Idaea
767 1558 947 1612 coniuge
972 1557 1084 1598 victa
1108 1558 1234 1612 prior.

235 1627 298 1656 455
326 1614 601 1670 Amphilochi
626 1615 755 1656 frater
779 1630 832 1656 ne
858 1614 1053 1669 Phegida
1078 1629 1245 1669 semper
1269 1621 1441 1664 amaret,

383 1671 598 1713 Callirhoe
623 1672 724 1713 feeit
748 1680 866 1727 parte
891 1679 1061 1726 recepta
1085 1671 1177 1713 tori.

326 1737 363 1770 et
390 1729 520 1770 Parin
547 1727 726 1770 Oenone
753 1743 938 1769 summos
964 1727 1168 1770 tenuisset
1193 1728 1245 1769 ad
1272 1742 1416 1778 annos,

382 1787 415 1826 si
441 1801 523 1826 non
551 1784 734 1827 Oebalia
758 1786 891 1841 pelice
916 1786 1031 1827 laesa
1055 1785 1176 1827 foret.

325 1843 515 1897 coniugis
542 1841 729 1897 Odrysio
756 1842 982 1897 placuisset
1007 1842 1143 1883 forma
1168 1849 1365 1897 tyranno:

232 1911 299 1942 460
382 1900 454 1940 scd
481 1899 627 1940 melior
653 1900 820 1940 clausae
846 1900 982 1939 forma
1007 1899 1160 1939 sororis
1186 1907 1284 1940 erat.

325 1956 426 2009 quid
451 1969 591 1996 moror
615 1956 836 2010 exemplis,
862 1969 1042 2008 quorum
1066 1970 1135 1996 mc
1160 1956 1285 1996 turba
1309 1955 1485 2011 fatigat?

381 2026 622 2053 successore
647 2026 757 2053 novo
784 2020 966 2052 vmcltur
989 2026 1124 2052 omms
1149 2026 1279 2053 amor.

323 2068 472 2109 fortius
498 2084 520 2110 0
546 2069 688 2109 multis
715 2075 848 2110 mater
873 2068 1084 2109 desiderat
1108 2084 1252 2116 unum,

380 2139 507 2179 quam
532 2139 641 2179 quae
666 2125 769 2167 flens
795 2125 949 2166 elamat
973 2130 1038 2165 ‘tu
1063 2125 1165 2165 mihi
1191 2126 1303 2167 solus
1330 2126 1448 2167 eras.'

232 2195 297 2224 465
325 2190 364 2224 ct
389 2197 441 2224 ne
467 2182 573 2223 forte
600 2190 722 2236 putes
748 2196 858 2223 nova
882 2197 949 2223 me
974 2181 1049 2222 tibi
1075 2182 1253 2223 condere
1279 2182 1371 2222 iura

379 2238 526 2292 (atque
554 2239 715 2280 utinam
740 2239 898 2280 inventi
924 2238 1058 2293 gloria
1082 2247 1226 2280 nostra
1251 2238 1419 2293 foretl):

323 2295 427 2336 vidit
451 2303 497 2336 ut
521 2296 695 2337 Atrides
720 2319 777 2325 ——
801 2296 902 2349 quid
929 2296 1039 2336 enim
1064 2310 1149 2337 non
1174 2296 1242 2337 ille
1267 2295 1440 2344 videret,

381 2352 499 2393 cuius
525 2352 567 2393 in
593 2352 764 2393 arbitrio
791 2352 974 2394 Graecia
998 2360 1086 2393 tota
1110 2352 1214 2393 fuit?
1238 2376 1295 2381 —

323 2409 463 2451 Marte
489 2424 565 2450 suo
592 2417 758 2464 captam
785 2408 1022 2464 Chryseida
1046 2409 1192 2459 victor,
1218 2409 1400 2450 amabat.

230 2479 298 2509 470
381 2473 424 2507 at
449 2466 587 2507 senior
612 2466 737 2508 stulte
763 2466 890 2508 flebat
915 2466 1073 2520 ubique
1098 2474 1230 2521 pater.

325 2523 425 2576 quid
452 2523 663 2573 lacrimas,
690 2523 832 2564 odiose
857 2523 1011 2564 senex?
1049 2522 1155 2564 bene
1181 2523 1376 2565 convenit
1401 2523 1500 2564 illis:

380 2579 520 2620 officio
545 2587 688 2621 natam
712 2580 863 2629 laedis,
888 2579 1048 2634 inepte,
1075 2587 1161 2621 tuo.

322 2651 450 2689 quam
476 2644 700 2690 postquam
726 2637 845 2678 reddi
872 2635 1073 2685 Calchas,
1101 2651 1180 2691 ope
1206 2644 1322 2678 tutus
1348 2636 1541 2686 Achillis,

378 2693 575 2741 iusserat,
601 2701 641 2734 et
666 2693 801 2747 patria
826 2701 887 2734 est
911 2694 981 2734 illa
1006 2703 1175 2748 recepta
1199 2693 1337 2743 domo,

229 2762 296 2792 475
324 2749 424 2790 ‘cst'
451 2749 507 2789 ait
536 2749 706 2790 Atrides
733 2750 862 2791 ‘illius
887 2749 1077 2804 proxima
1103 2750 1253 2799 forma,
