1831 3168
407 286 561 323 ARTIS
588 288 893 323 AMATOMAE
921 288 1014 322 [2113.
1044 288 1109 322 111.
1138 287 1233 322 312-
1254 287 1331 322 399.

238 384 365 424 quam
392 369 541 411 subeat
567 380 729 424 partem
756 369 907 411 callida
932 384 1143 423 quamque
1173 377 1307 411 vocet.

180 436 389 480 cautaque
415 440 500 467 non
526 427 650 468 stulte
677 427 886 468 latronum
912 427 1069 482 praelia
1095 427 1225 476 ludat,

239 498 348 524 unus
375 498 472 524 cum
496 483 665 538 gemino
692 484 876 524 calculus
903 484 1020 524 hoste
1049 483 1168 538 perit,

182 541 442 594 bellatorque
468 555 545 581 sua
570 555 745 595 prensus
772 541 859 582 sine
886 555 1080 595 compare
1110 539 1247 587 bellat,

240 597 430 639 aemulus
456 605 497 638 et
522 605 720 652 coeptum
745 612 870 652 saepe
896 597 1071 638 recurrit
1096 597 1184 638 iter.

182 654 442 708 reticuloque
467 654 578 708 pilae
603 655 718 696 leves
743 654 975 695 fundantur
1000 663 1159 708 aperto,

241 725 337 760 nec,
364 710 444 751 nisi
469 725 597 764 quam
623 711 763 760 tolles,
790 711 874 751 ulla
899 710 1108 751 movenda
1133 710 1216 764 pila
1242 718 1316 751 est.

182 778 245 809 est
270 783 427 823 genus,
453 768 495 808 in
521 768 694 809 totidem
714 768 834 809 tenui
859 767 1020 808 ratione
1045 766 1262 808 redactum

243 825 423 880 ερὶουΙι,ι
449 832 553 878 quot
578 839 742 866 menses
767 824 954 865 lubrICus
981 838 1115 864 annus
1141 823 1286 864 habet:

183 896 315 937 puva
340 882 496 923 tabella
521 882 633 937 capit
658 889 797 923 ternos
822 881 1034 934 utrimque
1059 879 1237 934 lapillos,

241 938 284 979 in
309 953 394 992 qua
418 938 568 980 vicisse
595 946 658 980 est
684 938 950 979 continuasse
977 951 1089 978 SUOS.

183 995 297 1036 mille
323 995 485 1036 lacesse
510 994 642 1036 iocos!
682 1003 802 1050 turpe
829 1002 891 1037 est
916 994 1077 1036 nescire
1101 993 1286 1048 puellam

242 1052 399 1093 ludere.
460 1052 643 1093 ludendo
669 1066 794 1107 saepe
819 1058 992 1106 paratur
1017 1065 1146 1092 amor.
1173 1075 1229 1080 ——

184 1109 260 1150 sed
286 1109 483 1149 minimus
509 1109 628 1150 labor
653 1116 715 1150 est
741 1109 952 1164 sapienter
978 1108 1157 1149 iactibus
1183 1108 1262 1148 uti:

244 1166 378 1207 maius
405 1181 511 1221 opus
538 1180 674 1207 mores
700 1165 987 1220 composuisse
1014 1179 1125 1206 suos.

184 1230 274 1264 tmn
300 1238 446 1264 sumus
471 1222 629 1264 incauti
654 1222 878 1276 studioque
905 1222 1117 1277 aperimur
1141 1221 1184 1263 in
1209 1222 1314 1277 ipso,

242 1280 440 1333 nudaque
466 1295 540 1335 per
564 1280 680 1320 lusus
707 1287 879 1334 pectora
902 1288 1046 1321 nostra
1071 1287 1238 1334 patent:

184 1337 246 1378 ira
272 1336 404 1386 subit,
432 1336 619 1377 deforme
645 1337 822 1385 malum,
848 1337 1039 1390 lucrique
1066 1336 1233 1391 cupido,

242 1393 463 1448 iurgiaque
489 1401 530 1434 et
555 1393 672 1434 rixae
699 1393 988 1447 sollicitusque
1014 1394 1152 1435 dolor:

184 1450 360 1492 crimina
386 1450 595 1498 dicuntur,
620 1458 788 1492 resonat
813 1450 1066 1492 clamoribus
1094 1450 1250 1499 aether,

243 1517 284 1549 et
308 1507 490 1548 lacrimis
516 1507 603 1548 vidi
628 1523 752 1562 saepe
778 1508 947 1549 madere
973 1523 1118 1562 genas.

186 1565 302 1605 nulla
327 1564 431 1605 fides
458 1564 640 1605 tabulae.
696 1579 803 1617 quae
829 1579 912 1605 non
938 1580 1013 1619 per
1038 1574 1135 1606 vota
1160 1562 1379 1619 petuntur!

246 1621 413 1662 invocat
438 1621 474 1661 ir
477 1630 566 1661 atos
593 1629 631 1662 et
659 1621 738 1662 sibi
763 1621 942 1685 quisque
969 1621 1083 1662 deos.

187 1678 379 1743 Iuppiter
404 1693 429 1718 a
453 1677 573 1718 vobis
600 1685 686 1718 tam
712 1677 852 1732 turpit
878 1678 1053 1718 crimina
1078 1678 1220 1732 pellat,

244 1736 287 1775 in
312 1734 479 1800 quibus·
493 1742 556 1776 est
580 1734 655 1775 ulli
681 1749 782 1775 cura
807 1735 973 1789 placere
1000 1735 1101 1775 viro.
1127 1759 1185 1763 —

186 1792 299 1833 hos
288 1806 444 1847 ignava
469 1791 582 1832 iocos
608 1791 755 1832 tribuit
779 1799 929 1856 natura
954 1792 1118 1846 puelliS.

245 1848 420 1890 materia
445 1848 596 1889 ludunt
622 1848 816 1889 uberiore
842 1848 933 1889 viri.

188 1914 286 1948 sunt
310 1905 390 1947 illis
417 1906 658 1959 celeresque
684 1905 794 1960 pilae
818 1905 1088 1959 iaculumque
1115 1905 1333 1959 trochique

246 1977 448 2016 armaque
474 1970 515 2004 et
538 1962 580 2003 in
606 1977 733 2017 gyros
760 1962 819 2003 ire
846 1970 1015 2004 coaetus
1042 1977 1190 2015 equus.

187 2034 266 2062 nec
290 2034 365 2061 vos
392 2018 582 2074 Campus
608 2019 735 2060 habet
760 2034 838 2061 nec
863 2034 938 2060 vos
963 2019 1223 2075 gelidissima
1249 2019 1397 2074 Virgo,

244 2091 324 2119 nec
349 2076 516 2118 Tuscus
542 2076 707 2131 placida
733 2076 902 2118 devehit
927 2077 1060 2117 amnis
1087 2091 1210 2130 aqua.

188 2143 231 2176 at
256 2135 354 2175 licet
379 2141 420 2175 et
444 2134 615 2188 prodest
639 2133 867 2188 Pompeias
892 2134 952 2175 ire
977 2149 1053 2188 per
1077 2134 1264 2182 umbras,

246 2191 435 2245 Virginis
462 2190 656 2232 aetheriis
683 2205 767 2243 qua
792 2199 919 2245 caput
945 2191 1060 2231 ardet
1088 2191 1219 2244 equis.

193 2247 314 2288 visite
340 2247 549 2301 laurigero
576 2256 740 2288 sacrata
764 2247 932 2287 Palatia
956 2247 1154 2288 Phoebo:

248 2304 317 2345 ille
342 2303 643 2344 Paraetonicas
668 2303 812 2344 mersit
836 2304 878 2343 in
904 2304 989 2344 alta
1013 2314 1135 2344 rates.

191 2375 386 2415 quaeque
412 2374 528 2401 soror
553 2360 822 2413 coniunxque
849 2360 967 2401 (lucis
994 2360 1249 2401 monimenta
1275 2368 1478 2415 pararunt

250 2417 476 2470 navalique
502 2431 633 2471 gener
658 2416 820 2457 cinctus
846 2416 1003 2458 honore
1029 2427 1169 2472 caput.

194 2474 314 2515 visite
340 2474 585 2514 turicremas
611 2487 765 2514 vaccae
790 2473 1096 2528 Memphitidos
1123 2489 1229 2521 aras,

252 2531 371 2572 visite
399 2530 636 2584 conspicuis
662 2538 781 2571 terna
806 2530 970 2571 theatra
994 2530 1109 2571 loeis.

196 2595 438 2643 spectentur
463 2587 605 2641 tepido
631 2587 870 2628 maculosae
897 2587 1101 2643 Sanguine
1128 2587 1323 2637 harenae,

253 2652 450 2697 metaque
476 2643 656 2685 ferventi
681 2644 937 2685 circueunda
962 2652 1066 2685 rota.

197 2702 312 2755 quod
336 2702 458 2750 latet,
484 2701 676 2756 ignotum
703 2709 778 2742 est.
837 2701 972 2756 ignoti
997 2702 1112 2742 nulla
1138 2701 1310 2757 cupido:

254 2758 418 2799 fructus
445 2758 583 2807 abest,
609 2757 738 2799 facies
766 2773 861 2799 cum
889 2758 999 2800 bona
1024 2767 1130 2800 teste
1157 2768 1279 2800 caret.

197 2822 244 2856 tu
267 2815 363 2857 licet
390 2824 429 2856 et
455 2814 716 2870 Thamyram
742 2830 913 2870 superes
940 2824 981 2858 et
1005 2816 1228 2858 Amoebea
1254 2824 1399 2858 cantu:

1475 277 1557 320 185

1582 609 1647 639 360

1586 893 1650 923 365

1589 1178 1654 1209 350

1588 1463 1652 1493 375

1592 1748 1656 1779 330

1593 2033 1656 2064 385

1594 2318 1658 2348 390

1596 2601 1661 2632 305
