1831 3168
256 251 337 295 188
711 260 754 295 P.
781 260 927 296 ole1
954 259 1171 296 NAsonls

312 343 528 385 servitium
555 342 728 384 miseras
755 349 923 398 tempus
949 342 991 384 in
1017 357 1140 384 omne
1167 342 1265 398 pati.

255 400 440 456 perfidus
466 400 534 440 ille
559 399 751 453 quidem,
777 400 849 453 qui
874 399 974 441 talia
997 399 1176 464 pignora
1201 407 1352 447 servat,

162 471 229 501 490
312 457 385 498 scd
411 464 552 497 tamen
577 456 759 498 Aetnaei
783 456 971 497 fulminis
997 465 1129 497 1nst1r
1154 455 1293 498 habet.

252 513 390 554 iudice
415 528 482 554 mc
508 513 624 554 fiaus
653 522 715 554 est
740 527 940 555 concessa
964 513 1166 568 repellere
1191 513 1398 563 fraudem,

309 584 510 624 armaque
535 570 578 611 in
604 578 786 611 armatos
812 585 976 612 sumere
1001 571 1093 611 iura
1118 570 1271 611 sinunt.

253 627 406 668 ducere
433 635 679 669 consuescat
704 628 858 668 multas
884 642 1033 668 manus
1059 642 1144 668 una
1169 627 1340 682 figuras.

309 683 353 724 a!
380 691 572 739 percant,
598 699 673 739 per
697 699 804 739 quos
829 685 908 725 ista
933 684 1143 726 monenda
1168 685 1283 726 mihi.

159 754 225 785 495
252 755 329 783 ncc
354 741 434 782 nisi
459 741 606 783 deletis
632 749 770 782 tutum
795 741 1024 783 rescribere
1050 741 1170 791 ceris,

308 813 361 839 ne
387 805 526 839 teneat
552 799 742 853 geminas
768 814 853 840 una
877 799 1032 840 tabella
1056 813 1219 840 manus.

252 854 409 896 femina
436 855 599 896 dicatur
624 856 822 898 scribenti
848 871 1014 911 semper
1039 863 1218 897 amator:

310 912 381 953 illa
406 912 458 953 sit
483 912 524 953 in
550 913 718 962 vestris,
745 913 818 966 qui
843 913 924 954 fuit
948 913 1036 962 ille,
1062 912 1184 954 notis.
1211 937 1268 943 ——-

251 968 325 1010 sed
350 968 452 1010 libet
478 985 501 1010 a
526 970 666 1024 parvis
693 970 879 1011 animum
905 969 958 1011 ad
984 969 1143 1011 maiola
1168 969 1338 1020 referre,

161 1039 228 1069 500
309 1026 518 1081 plenaque
544 1042 645 1068 curv
650 1035 716 1068 ito
741 1027 925 1083 pandere
951 1027 1046 1068 vela
1071 1027 1178 1069 sinu.

250 1083 431 1138 pertinet
457 1083 509 1124 ad
535 1084 686 1125 faciem
710 1084 879 1125 rabidos
906 1098 1172 1139 compescere
1198 1099 1353 1126 mores:

309 1140 487 1181 candida
512 1156 594 1196 pax
620 1140 829 1191 homines,
856 1149 952 1182 trux
978 1141 1097 1183 decet
1123 1141 1185 1182 ira
1209 1141 1333 1183 feras.

251 1211 324 1237 ora
348 1205 511 1239 tument
536 1198 616 1239 ira:
642 1198 887 1253 nigrescunt
912 1198 1117 1253 sanguine
1143 1213 1295 1241 venae:

307 1254 466 1295 lumina
493 1253 724 1309 Gorgonea
751 1255 916 1297 saevius
941 1256 1039 1310 igne
1063 1255 1233 1296 micant.

160 1323 225 1354 505
253 1310 284 1350 ‘i
310 1311 456 1366 procul
482 1310 605 1359 hinc,’
633 1311 735 1353 dixit
764 1316 867 1353 ‘non
893 1327 936 1354 es
962 1312 1082 1360 mihi,
1109 1312 1224 1361 tibia,
1251 1313 1388 1361 tanti',

308 1376 353 1408 ut
379 1367 483 1408 vidit
507 1369 645 1409 vultus
670 1369 813 1410 Pallas
838 1369 880 1409 in
907 1384 1029 1410 amne
1055 1383 1166 1409 suos.

251 1438 326 1465 vos
352 1438 521 1478 quoque
548 1425 581 1466 si
607 1425 746 1466 media
771 1426 989 1480 speculum
1016 1425 1211 1480 spectetis
1237 1426 1279 1467 in
1305 1426 1378 1475 ira,

309 1488 535 1536 cognoscat
562 1482 714 1523 faciem
740 1482 809 1523 vix
837 1482 937 1523 satis
963 1482 1048 1523 ulla
1073 1497 1206 1523 suam.

251 1551 329 1579 nec
356 1537 494 1579 minus
519 1538 562 1579 in
588 1539 705 1580 vultu
731 1539 933 1580 damnosa
959 1539 1158 1594 superbia
1182 1546 1339 1581 vestro:

158 1608 225 1638 510
308 1595 498 1636 comibus
525 1603 585 1637 est
612 1596 744 1637 oculis
770 1596 1015 1638 alliciendus
1042 1610 1170 1636 amor.

251 1651 417 1693 odimus
442 1652 690 1694 immodicos
716 1654 909 1719 (experto
936 1652 1111 1707 credite)
1135 1652 1288 1703 fastus3

309 1724 434 1764 saepe
460 1718 603 1751 tacens
629 1710 713 1751 odii
740 1711 899 1751 semina
924 1710 1062 1751 vultus
1088 1709 1228 1752 habet.

251 1774 511 1822 spectantem
537 1775 698 1822 specta·
725 1767 878 1809 ridenti
903 1767 1045 1808 mollia
1069 1767 1177 1808 ride:

307 1824 470 1873 innuet,
498 1831 691 1878 acceptas
718 1832 762 1865 tu
788 1838 956 1878 quoque
981 1824 1110 1865 redde
1134 1832 1268 1865 notas.

159 1893 223 1925 515
251 1880 310 1921 sic
335 1880 409 1920 ubi
434 1881 632 1935 prolusit,
658 1881 833 1922 indibus
858 1896 964 1936 puer
988 1881 1057 1922 ille
1083 1881 1238 1922 relictis

309 1937 470 1991 spicula
495 1937 546 1978 de
572 1937 766 1992 pharetra
792 1938 945 1992 promit
973 1945 1095 1978 acuta
1122 1953 1209 1978 sua.

252 1993 416 2034 odimus
443 2001 481 2034 et
507 2002 700 2035 maestas.
762 1994 1032 2035 Tecmessam
1060 1994 1204 2049 diligat
1230 1995 1362 2035 Aiax:

307 2065 382 2091 nos
407 2050 581 2092 hilarem
607 2051 811 2105 populum
837 2050 994 2092 femina
1018 2051 1127 2092 laeta
1153 2051 1276 2105 capit.

249 2121 480 2160 numquam
496 2122 575 2162 ego
590 2116 643 2155 te,
658 2107 972 2155 Andromache,
987 2116 1131 2156 necte,
1152 2107 1393 2158 Tecmessa,
1413 2123 1621 2164 rogarem,

159 2178 225 2208 520
308 2171 355 2204 ut
380 2179 474 2205 mea
499 2165 550 2205 de
576 2164 695 2206 vobis
723 2165 852 2206 altera
877 2165 1011 2205 amica
1036 2164 1157 2206 f01et.

251 2221 420 2262 cr·ede1e
446 2221 517 2262 xix
543 2222 708 2271 videor,
735 2236 831 2262 cum
857 2236 985 2277 cogar
1009 2221 1178 2263 medere
1204 2229 1342 2276 partu,

307 2292 381 2318 vos
407 2292 486 2333 ego
513 2293 608 2319 cum
635 2278 783 2319 ιθειιίε
809 2278 1087 2320 concubuisse
1113 2278 1226 2319 vilis.

251 2334 408 2376 scilieet
433 2335 558 2376 Aiaci
583 2336 733 2377 mulier
757 2335 1035 2377 maestissima
1060 2335 1165 2376 dixit

307 2392 401 2433 ‘lux
425 2392 538 2434 mea'
564 2407 759 2446 quaeque
786 2393 918 2434 solent
944 2392 1109 2434 verba
1099 2407 1243 2434 1uvare
1269 2392 1405 2434 viros?

157 2462 223 2492 525
250 2449 342 2502 quis
369 2456 480 2490 vetat
506 2465 530 2490 a
554 2450 717 2505 magnis
744 2450 797 2490 ad
823 2465 888 2491 res
914 2449 1107 2505 exempla
1132 2449 1314 2491 minores

307 2520 491 2555 sumere,
517 2521 595 2548 nec
619 2521 773 2548 nomen
798 2506 1063 2561 pertimuisse
1090 2506 1235 2548 ducis?

251 2562 336 2602 dux
361 2562 496 2604 bonus
522 2563 620 2605 huic
646 2571 813 2605 centum
840 2563 1049 2605 commisit
1074 2563 1158 2605 vite
1182 2563 1403 2619 regendos,

307 2619 405 2660 huic
431 2620 612 2674 equites,
638 2620 695 2661 illi
722 2620 842 2675 signa
867 2620 1024 2662 tuenda
1048 2620 1175 2662 dedit.

250 2690 323 2716 vos
350 2689 537 2730 quoque,
572 2677 624 2719 de
649 2677 770 2718 nobis
796 2691 922 2731 quem
948 2677 1125 2731 quisque
1151 2677 1229 2719 erit
1254 2685 1375 2732 aptus
1403 2677 1455 2718 ad
1481 2692 1618 2727 usum,

158 2744 224 2775 530
306 2732 497 2786 inspicite
524 2741 564 2775 et
589 2742 701 2775 certo
726 2735 867 2788 ponite
893 2748 1105 2788 quemque
1129 2734 1235 2775 loco.

249 2802 422 2830 munera
448 2789 515 2830 det
543 2790 672 2831 dives.
733 2791 797 2831 ius
823 2790 893 2844 qui
919 2791 1195 2845 profitebitur,
1222 2790 1349 2832 adsit:
