1831 3168
365 282 448 325 110
820 291 862 325 P.
891 291 1035 326 OVIDI
1061 290 1275 327 NASONIS

293 389 337 418 35
364 382 551 417 vestrum
578 373 734 415 crimen
761 372 837 413 erit
864 373 958 414 talis
985 373 1144 414 iactura
1169 373 1348 428 puellae,

419 430 706 483 Nereidesque
732 429 835 470 deae
860 429 1174 483 Nereidumque
1200 438 1330 485 pater.

363 487 470 529 vade
495 501 656 528 memor
679 486 829 535 nostri,
855 494 980 528 vento
1007 487 1191 528 reditura
1216 487 1414 528 secundo.

419 544 591 599 impleat
616 543 688 584 illa
711 550 804 584 tuos
830 542 977 584 fortior
1001 558 1104 584 aura
1128 544 1257 584 sinus.

363 608 451 641 tum
478 615 592 641 mare
618 600 661 641 in
685 600 789 641 haec
813 615 993 653 maenus
1020 601 1223 655 proclinet
1247 601 1369 642 litora
1393 601 1571 651 Nereus,

291 672 337 701 40
420 657 502 698 huc
527 657 641 698 venti
666 657 842 712 spirent,
868 635 951 698 11110
976 665 1075 712 agtt
1100 672 1226 699 eurus
1252 672 1395 711 aquas.

364 714 456 769 ipsa
480 729 623 769 1·00·es,
650 713 824 769 zephyri
849 714 1021 755 veniant
1046 714 1089 755 in
1114 714 1243 755 lintea
1269 715 1358 764 soli,

419 771 512 826 ipsa
537 779 610 812 tua
634 786 805 812 moveas
832 771 1002 826 turgida
1028 772 1121 812 vela
1146 787 1287 812 manu.

361 829 521 883 primus
565 841 644 882 ego
682 828 882 883 aspiciam
908 836 1050 868 notam
1077 829 1126 869 (16
1152 829 1271 870 litore
1297 828 1471 884 puppim

420 892 461 926 et
487 885 625 926 (licam
651 888 836 926 ‘nostros
863 885 1031 926 advehit
1058 885 1128 925 illa
1154 885 1286 926 dcos':

291 956 336 985 45
364 942 656 997 excipiamque
681 942 856 990 umeris,
882 950 921 983 et
947 942 1080 982 multa
1106 942 1194 983 sine
1220 942 1364 984 ordine
1392 957 1561 997 carpam

420 999 581 1040 oscula:
608 1013 683 1054 pro
708 999 846 1040 reditu
872 998 1040 1039 victima
1066 1007 1164 1039 vota
1189 999 1322 1040 cadet.

363 1056 489 1110 inque
515 1056 594 1096 tori
619 1055 798 1096 formam
822 1055 969 1096 molles
996 1063 1232 1096 sternentur
1257 1055 1453 1105 harenae,

422 1121 462 1154 et
488 1112 675 1153 tumulus
701 1127 871 1153 mensae
897 1112 1075 1165 quilibet
1100 1127 1191 1154 esse
1216 1120 1366 1167 potest.

363 1170 447 1210 illic
473 1169 665 1224 adposito
691 1169 880 1210 narrabis
905 1170 1038 1210 multa
1064 1169 1231 1234 Lyaeo:

292 1240 339 1270 50
421 1241 554 1281 paene
581 1226 633 1267 sit
657 1234 702 1267 ut
729 1226 877 1267 mediis
903 1226 1053 1267 obruta
1077 1226 1197 1267 navis
1223 1226 1356 1280 aquiS‚

365 1283 550 1337 dumque
577 1283 630 1324 ad
655 1298 722 1324 me
746 1297 961 1348 properas,
987 1297 1123 1347 neque
1149 1283 1315 1337 iniquae
1341 1290 1530 1338 tempora
1554 1283 1688 1325 noctis

420 1355 498 1382 nec
523 1348 562 1381 te
588 1340 838 1395 praecipites
865 1340 1108 1381 extimuisse
1133 1348 1268 1381 notos.

365 1397 507 1438 omnia
530 1412 607 1452 pro
632 1397 742 1439 veris
769 1397 957 1446 credam,
984 1397 1066 1438 sint
1091 1397 1188 1438 ficta
1212 1397 1368 1438 licebit.

423 1468 497 1495 cur
522 1468 601 1508 e0·o
626 1468 711 1495 non
736 1454 843 1494 votis
868 1454 1061 1495 blandini
1085 1455 1174 1509 ipse
1200 1454 1328 1495 meis?

293 1522 338 1553 55
365 1509 470 1552 haec
494 1489 597 1551 mihi
622 1511 935 1565 quamprimum
962 1511 1077 1552 caelo
1102 1511 1377 1551 nitidissimus
1404 1511 1486 1552 alto

421 1567 598 1609 Lucifer
622 1567 803 1608 admisso
830 1575 1019 1622 tempora
1043 1575 1181 1622 portet
1205 1581 1327 1621 equo.

997 1668 1106 1711 XII.

366 1739 428 1780 Ite
453 1738 727 1793 triumphales
753 1738 911 1780 circum
936 1753 1031 1780 mea
1055 1746 1245 1793 tempora
1269 1737 1430 1779 laurus!

420 1796 617 1837 vicimus:
643 1795 687 1836 in
711 1803 854 1837 nostro
880 1802 943 1836 est
968 1810 1065 1837 ecce
1094 1793 1282 1836 Corinna
1307 1795 1414 1843 sinu,

365 1867 493 1906 quam
518 1852 594 1902 vir,
620 1866 747 1906 quam
773 1860 933 1901 custos,
958 1866 1087 1905 quam
1111 1852 1238 1893 ianua
1262 1852 1383 1893 firma
1407 1852 1487 1899 (tot
1512 1851 1689 1907 hostesl)

422 1909 667 1958 servabant,
693 1923 834 1974 nequa
858 1917 1001 1973 posset
1025 1909 1192 1950 {rb-arte
1219 1909 1325 1964 capi.

316 1980 338 2009 5
365 1966 470 2007 haec
495 1973 558 2006 est
582 1966 808 2020 praecipuo
835 1965 1009 2006 victolia
1034 1966 1163 2019 digna
1188 1964 1415 2020 triumpho,

420 2022 464 2062 in
490 2036 587 2075 qua,
613 2036 906 2076 quaecumque
932 2029 1013 2070 est,
1040 2022 1244 2076 sanguine
1270 2021 1427 2077 praeda
1453 2028 1577 2063 caret.

363 2093 449 2120 non
473 2078 653 2120 humiles
677 2078 804 2127 muri,
831 2092 914 2118 non
939 2078 1080 2133 parvis
1106 2078 1261 2133 oppida
1285 2078 1408 2119 fossis

423 2135 580 2184 cineta,
606 2135 680 2177 sed
705 2142 769 2176 est
794 2135 923 2175 ductu
950 2142 1072 2189 etpta
1097 2135 1236 2190 puella
1261 2149 1367 2175 11160.

366 2191 579 2247 Pergama
604 2206 701 2233 cum
726 2192 924 2233 caderent
947 2191 1058 2233 bello
1085 2200 1281 2246 superata
1306 2191 1483 2240 bilustri,

298 2262 340 2292 10
422 2264 475 2290 ex
500 2255 561 2290 tot
584 2248 628 2289 in
652 2248 815 2289 Atridis
840 2263 936 2303 pars
963 2255 1091 2301 quota
1115 2248 1252 2289 laudis
1278 2248 1393 2289 erat?

365 2312 407 2346 at
431 2321 525 2347 mea
550 2305 732 2360 seposita
757 2312 820 2347 est
845 2313 885 2346 et
911 2305 964 2346 ab
990 2305 1105 2345 omni
1130 2305 1260 2347 milite
1287 2305 1442 2346 dissors

421 2362 575 2417 gloria,
600 2377 679 2404 1160
703 2362 871 2403 titulum
897 2361 1082 2403 muneris
1109 2362 1213 2403 alter
1238 2362 1377 2403 habet.

364 2434 432 2460 me
458 2419 565 2460 duee
591 2420 645 2460 ad
670 2419 779 2460 hanc
803 2419 889 2460 voti
915 2419 1060 2467 finem,
1087 2434 1153 2460 me
1179 2419 1308 2460 milite
1334 2418 1448 2460 veni:

421 2476 512 2531 ipse
539 2490 686 2530 eques,
713 2476 801 2531 ipse
826 2476 975 2541 pedes,
1003 2475 1177 2530 signifer
1201 2476 1290 2530 ipse
1316 2475 1390 2517 fui.

299 2545 339 2575 15
365 2547 443 2573 1160
469 2547 613 2574 casum
637 2533 808 2574 fortuna
832 2533 935 2574 meis
960 2532 1171 2574 inmiscuit
1196 2532 1312 2573 actis,

422 2589 505 2630 hue
531 2589 651 2639 ades,
677 2604 701 2630 o
727 2604 828 2631 eura
851 2597 969 2645 parte
994 2589 1226 2655 Triumphe
1252 2588 1364 2630 mea!

363 2660 442 2687 1160
466 2646 565 2687 belli
591 2654 653 2687 est
677 2662 787 2687 nova
812 2661 913 2688 eura
937 2646 1038 2688 mei:
1065 2646 1144 2687 nisi
1169 2654 1289 2700 rapta
1315 2645 1464 2687 fuisset

421 2702 651 2755 Tyndaris,
677 2702 874 2758 Europae
900 2719 984 2758 pax
1009 2703 1224 2756 Asiaeque
1250 2703 1369 2744 foret.

365 2758 523 2800 femina
548 2759 747 2800 silvestris
775 2760 981 2814 Lapithas
1006 2760 1295 2815 populumque
1320 2759 1544 2801 biformem

295 2828 340 2858 20
422 2815 599 2870 turpiter
624 2831 647 2856 a
671 2816 806 2871 posito
832 2817 956 2858 vertit
979 2817 1022 2857 in
1047 2831 1164 2858 arma
1191 2830 1321 2858 mero:
