1831 3168
312 267 393 309 142
772 273 814 308 Ρ.
843 271 988 309 OVIDI
1012 269 1230 307 NASONIS

597 676 847 731 ARTIS
898 676 1069 730 AMA
1085 674 1402 730 TORIAE

808 810 961 845 LIBER
987 809 1189 846 PRIMUS.

314 985 459 1040 Siquis
484 985 528 1027 in
552 985 632 1027 hoc
659 992 791 1027 artem
816 985 973 1040 populo
999 999 1083 1026 non
1108 984 1226 1026 novit
1251 983 1435 1034 mnandi,

370 1043 451 1084 hoc
475 1044 591 1099 legat
616 1050 657 1084 et
680 1043 790 1084 lecto
817 1042 1001 1084 camnine
1027 1042 1176 1083 doctus
1203 1049 1327 1083 amet.

314 1109 401 1142 arte
428 1100 534 1142 citae
560 1101 739 1154 veloque
764 1107 875 1142 rates
900 1114 1102 1154 remoque
1127 1106 1362 1148 moventur,

371 1165 460 1199 arte
484 1158 598 1199 leves
625 1172 789 1198 currus:
818 1164 905 1198 arte
930 1156 1142 1212 regendus
1167 1157 1316 1198 Amor.

265 1227 288 1257 ῡ
315 1214 507 1256 curribus
534 1214 808 1256 Automedon
831 1214 1040 1268 lentisque
1065 1221 1155 1255 erat
1179 1223 1302 1269 aptus
1328 1213 1517 1262 habenis,

372 1272 536 1327 Tiphys
562 1272 605 1313 in
630 1271 871 1313 Haemonia
894 1286 1037 1326 puppe
1062 1271 1264 1326 magister
1289 1279 1396 1312 erat:

315 1345 382 1370 me
407 1329 556 1371 Venus
584 1329 786 1371 artificem
811 1336 954 1370 tenero
980 1328 1185 1383 praefecit
1209 1328 1372 1369 Amori.

372 1385 536 1441 Tiphys
563 1393 603 1427 et
626 1385 900 1428 Automedon
927 1386 1042 1427 dicar
1068 1385 1239 1427 Amoris
1264 1399 1356 1440 ego.

315 1443 384 1485 ille
409 1443 582 1496 quidem
607 1443 722 1485 ferus
748 1450 812 1484 est
836 1450 877 1484 et
901 1443 974 1496 qui
999 1442 1103 1483 mihi
1128 1457 1254 1498 saepe
1280 1450 1506 1498 repumet:

249 1512 290 1543 10
373 1500 485 1541 sed
473 1515 579 1555 puer
604 1508 687 1548 est,
714 1508 828 1541 aetas
855 1499 1011 1548 mollis,
1038 1508 1079 1541 et
1105 1508 1193 1541 alte
1219 1514 1334 1554 resro.

315 1557 572 1612 I'hillyiides
598 1572 776 1612 puerum
802 1556 963 1598 cithaia
986 1556 1164 1611 perfecit
1188 1556 1402 1598 Achillem

373 1622 501 1668 atque
528 1614 689 1655 animos
715 1613 883 1669 placida
907 1614 1099 1655 contudit
1123 1621 1211 1655 arte
1237 1614 1362 1655 feios.

316 1671 389 1725 qui
414 1671 566 1713 totiens
591 1670 747 1720 socios,
774 1671 926 1713 totiens
953 1671 1155 1712 extelruit
1180 1671 1335 1720 hostes,

374 1728 559 1770 creditur
584 1743 792 1770 annosum
817 1728 1083 1784 pertimuisse
1109 1744 1266 1771 senem.

250 1798 289 1828 15
317 1800 422 1840 quas
448 1787 611 1827 Hector
636 1801 835 1827 sensurus
863 1793 970 1835 erat,
996 1793 1195 1841 poscente
1221 1786 1422 1841 magistro

373 1843 620 1884 verberibus
646 1843 782 1884 iussas
807 1843 1002 1898 praebuit
1026 1843 1095 1884 ille
1121 1858 1284 1884 manus.

316 1899 533 1942 Aeacidae
561 1898 742 1949 Chiron,
769 1915 849 1955 ego
875 1915 969 1941 sum
994 1907 1241 1955 praeceptoi
1265 1900 1451 1941 Amoris.

374 1971 526 1998 saevus
552 1965 731 2011 uterque
757 1972 881 2011 puer:
907 1965 1031 1998 natus
1057 1965 1234 2011 uterque
1261 1958 1351 1999 dea.

318 2013 392 2055 sed
417 2020 558 2055 tamen
584 2022 624 2055 et
649 2013 758 2054 tauri
784 2013 925 2055 celvix
950 2021 1148 2055 oneratur
1173 2022 1325 2062 aratro,

246 2082 292 2113 20
375 2070 579 2124 irenaque
606 2070 864 2125 mmmanimi
890 2071 1015 2112 dente
1041 2078 1234 2112 ter-untui
1259 2070 1375 2124 equi:

318 2135 359 2169 et
383 2127 486 2168 mihi
512 2127 622 2168 cedit
646 2106 795 2176 AEnor,
820 2127 1013 2182 quamvis
1039 2143 1134 2169 mea
1159 2128 1348 2170 vulneret
1375 2143 1475 2170 arcu

375 2192 547 2239 pectora
571 2184 747 2226 iactatas
774 2185 1044 2238 excutiatque
1070 2185 1197 2226 faces.

319 2256 402 2295 quo
427 2256 496 2283 me
520 2241 612 2282 fixit
637 2241 786 2289 Amor,
813 2255 897 2295 quo
923 2257 990 2283 me
1015 2242 1239 2284 violentius
1265 2241 1384 2291 ussit,

376 2298 456 2340 hoc
481 2298 628 2340 melior
652 2298 753 2340 facti
779 2298 963 2340 vulneris
989 2299 1099 2340 ultor
1125 2314 1208 2340 ero.

250 2368 291 2398 ‘25
318 2369 404 2397 non
429 2370 528 2411 egO,
554 2355 749 2405 Phoebe,
777 2355 896 2397 datas
922 2372 947 2397 a
971 2365 1011 2397 te
1036 2356 1138 2397 mihi
1164 2356 1343 2398 mentiar
1367 2365 1491 2408 artes,

375 2426 454 2454 nec
479 2427 556 2454 nos
581 2413 747 2455 Aoniae
772 2427 876 2455 voce
903 2428 1124 2454 monemur
1149 2414 1251 2463 avis,

319 2484 397 2511 nec
422 2469 525 2510 mihi
551 2478 648 2511 sunt
672 2471 788 2512 visae
814 2468 909 2512 Clio
937 2468 1142 2525 Cliusque
1168 2485 1331 2513 sorores

377 2527 561 2568 servanti
585 2528 770 2582 pecudes
797 2527 994 2576 vallibus,
1020 2528 1177 2578 Ascra,
1203 2528 1298 2569 tuis.

319 2599 420 2625 usus
447 2599 552 2639 opus
579 2592 721 2626 movet
746 2584 844 2625 hoc:
872 2584 957 2626 vati
982 2593 1126 2639 parete
1152 2585 1307 2640 perito:

249 2652 294 2682 30
377 2656 477 2682 vera
502 2656 663 2682 οξ111ξι111.
725 2641 902 2696 coeptis,
929 2650 1064 2683 mater
1088 2642 1275 2691 Amoris,
1302 2641 1421 2684 ades!

321 2705 406 2738 este
432 2698 597 2751 procul,
624 2699 753 2740 wittae
778 2708 945 2763 tenues,
971 2698 1137 2754 insigne
1162 2699 1348 2754 pudoris,

377 2768 444 2807 qu·
437 2768 570 2807 leque
596 2754 703 2809 teois
730 2755 889 2797 medios
914 2755 1057 2796 instita
1053 2734 1210 2812 &longa
1234 2756 1376 2810 pedes.

320 2824 396 2852 nos
423 2792 664 2853 Veneiem⁰
661 2820 795 2852 tutam
821 2826 1103 2866 concessaque
1131 2800 1244 2854 fulta
1271 2827 1484 2862 canemus,
