1831 3168
482 284 828 321 REMEDIORL'M
852 281 1044 319 AMORIS
1069 282 1240 318 eso-167.
1462 272 1544 314 199

227 364 385 420 respuit
414 372 540 420 atque
566 366 661 408 odio
688 366 817 408 verba
843 365 1050 407 monentis
1076 364 1215 406 habet.

172 422 395 476 adgrediar
420 423 569 464 melius
596 433 704 473 tum,
730 438 825 464 cum
852 437 928 464 sua
954 422 1127 463 vulnera
1152 420 1270 475 tangi
1573 433 1635 463 125

229 479 311 519 iam
339 479 443 520 sinet
471 489 511 521 et
537 480 645 521 veris
671 480 846 521 vocibus
872 487 995 534 aptus
1021 477 1110 519 erit.

172 536 265 589 quis
292 544 488 583 matrem,
514 536 594 577 nisi
619 537 769 578 mentis
794 537 935 591 in0p5‚
959 535 1002 576 in
1028 534 1174 576 sunere
1200 534 1287 574 nati

230 592 328 634 flere
355 595 492 634 vetet?
529 608 612 634 non
638 593 718 635 hoc
743 593 814 634 illa
838 592 1048 633 monenda
1072 591 1164 632 loco
1191 601 1265 632 est.

174 664 267 690 eum
294 649 454 690 dederit
479 650 672 691 lacrimas
699 650 969 703 animumque
994 647 1230 702 impleverit
1255 661 1444 701 aegrum,

229 706 297 748 ille
325 706 442 747 dolor
468 707 604 748 verbis
631 705 937 749 emoderandus
962 705 1053 746 erit.
1573 717 1637 747 130

174 763 373 818 temporis
400 778 466 804 ars
491 763 699 805 medicina
724 763 812 805 fere
839 770 913 804 est.
975 761 1073 802 data
1097 768 1286 815 tempore
1311 766 1487 815 prosunt

233 829 271 861 et
299 820 396 861 data
420 834 504 861 non
531 828 628 875 apto
655 828 841 875 tempore
867 819 965 859 vina
989 825 1155 858 nocent.

173 877 275 930 quin
301 876 426 918 etiam
453 877 658 919 accendas
684 877 786 918 vitia
810 875 1039 928 inritesque
1063 872 1259 922 vetando,

231 933 489 988 temporibus
516 934 551 974 si
574 948 659 975 non
685 932 931 988 adgrediare
958 931 1056 972 suis.
1083 954 1140 959 ——

174 1005 275 1045 crgo
301 990 374 1030 ubi
400 990 514 1031 visus
540 990 620 1032 eris
644 998 811 1032 nostrae
837 987 1096 1030 medicabilis
1122 987 1214 1036 arti,
1574 1000 1637 1030 135

231 1047 300 1089 fac
325 1047 493 1088 monitis
519 1047 660 1102 fugias
686 1046 769 1088 otia
795 1046 928 1101 prima
953 1044 1071 1086 meis.

174 1104 298 1154 haec,
324 1112 370 1145 ut
395 1119 532 1153 ames,
558 1103 736 1145 faciunt:
763 1103 887 1151 haec,
912 1110 959 1143 ut
983 1101 1142 1150 fecere,
1168 1108 1360 1143 tuentur:

232 1160 335 1202 haec
361 1170 456 1202 sunt
482 1160 655 1202 iucundi
679 1175 807 1201 causa
832 1159 1037 1213 cibusque
1062 1157 1174 1199 mali.

174 1218 258 1259 otia
284 1217 318 1258 si
343 1218 484 1267 tollas,
510 1217 669 1272 periere
696 1215 920 1271 Cupidinis
947 1230 1082 1264 arcus,

231 1282 580 1329 contemptaeque
604 1274 742 1315 iacent
767 1281 807 1315 et
833 1273 922 1314 sine
946 1273 1040 1314 luce
1064 1272 1192 1313 faces.
1574 1284 1639 1313 140

174 1345 301 1385 quam
327 1331 520 1386 platanus
548 1330 644 1372 vino
669 1330 847 1386 gaudet,
874 1344 1000 1384 quam
1026 1329 1207 1384 populus
1233 1327 1361 1376 unda,

231 1394 270 1429 et
297 1402 424 1441 quam
447 1387 598 1429 limosa
623 1402 758 1429 canna
782 1386 979 1442 palustris
1006 1386 1150 1435 humo,

175 1452 260 1485 tam
285 1444 434 1486 Venus
461 1444 545 1486 otia
570 1452 695 1486 amat.
756 1443 829 1498 qui
855 1444 983 1485 finem
1008 1443 1176 1496 quaeris
1202 1441 1369 1491 amoris,
1394 1465 1452 1471 —

232 1501 342 1542 cedit
367 1516 484 1542 amor
507 1501 634 1543 rebus
658 1525 715 1530 ——
739 1516 805 1542 res
831 1516 928 1556 age:
956 1508 1071 1541 tutus
1097 1499 1191 1541 eris.

173 1558 352 1612 languor
377 1566 417 1599 et
441 1558 639 1599 inmodici
664 1557 743 1599 sub
768 1558 883 1599 nullo
909 1557 1075 1598 vindice
1101 1556 1237 1597 somni
1574 1569 1637 1598 14.)

232 1615 406 1668 aleaque
432 1622 471 1656 et
497 1615 629 1656 multo
655 1623 846 1669 tempora
870 1628 1024 1667 quassa
1047 1628 1163 1654 mero

175 1671 357 1726 eripiunt
383 1685 528 1713 omnes
554 1671 693 1712 animo
720 1671 808 1712 sine
833 1671 1006 1712 vulnere
1031 1683 1197 1711 nervos.

233 1728 378 1769 adfluit
404 1728 584 1770 incautis
608 1728 835 1768 insidiosus
860 1728 1009 1767 Amor.

176 1784 380 1826 desidiam
405 1799 510 1840 puer
534 1784 603 1826 ille
629 1785 747 1838 sequi
773 1784 897 1833 solet,
925 1783 1013 1825 odit
1038 1791 1225 1838 agentes.

233 1842 286 1883 da
311 1856 469 1883 vacuae
494 1841 644 1890 menti,
670 1856 754 1895 quo
779 1849 983 1889 teneatur,
1010 1855 1129 1895 opus.
1575 1852 1639 1883 1:30

175 1907 272 1940 sunt
295 1898 406 1948 fora,
432 1906 530 1939 sunt
554 1898 690 1953 leges,
717 1906 833 1946 sunt,
859 1911 965 1951 quos
991 1897 1159 1946 tuearis,
1186 1896 1328 1938 amici:

231 1955 338 1997 vade
363 1970 439 2010 per
463 1955 650 1997 urbanae
677 1955 896 2010 splendida
922 1962 1058 1996 castra
1082 1961 1220 2008 togae.

175 2013 241 2054 vel
267 2020 313 2053 tu
339 2012 561 2067 sanguinei
584 2011 796 2053 iuvenalia
821 2026 998 2052 munera
1022 2010 1176 2051 Martis

232 2069 417 2124 suscipe:
446 2068 620 2111 deliciae
645 2069 730 2110 iam
755 2068 830 2109 tibi
856 2076 976 2123 terga
1001 2067 1176 2108 dabunt.

177 2141 273 2168 ecce
298 2126 432 2181 fugax
454 2125 660 2175 Parthus,
686 2126 831 2180 magni
854 2140 966 2166 nova
991 2139 1118 2166 causa
1143 2123 1357 2179 triumphi,
1577 2138 1641 2168 155

231 2183 314 2224 iam
341 2183 454 2224 videt
478 2182 521 2223 in
547 2183 705 2237 campis
733 2180 928 2224 Caesa-ris
955 2197 1071 2223 arma
1096 2181 1196 2222 suis.

175 2239 295 2280 vince
323 2237 582 2294 Cupidineas
608 2239 764 2293 pariter
788 2238 1056 2292 Parthasque
1082 2238 1256 2292 sagittas

233 2304 274 2338 et
298 2295 408 2337 refer
433 2295 487 2336 ad
511 2296 668 2349 patrios
694 2296 793 2337 bina
818 2302 991 2349 tropaea
1016 2294 1135 2336 deos!

177 2362 221 2394 ut
248 2353 377 2394 semel
402 2352 558 2394 Aetola
583 2352 729 2393 Venus
756 2359 819 2393 est
844 2367 868 2392 a
894 2351 1067 2405 cuspide
1091 2351 1220 2400 laesa,

234 2409 407 2450 mandat
432 2408 608 2449 amatori
634 2408 742 2449 bella
767 2407 954 2463 gerenda
979 2421 1068 2448 suo.
1577 2421 1642 2452 160

177 2465 396 2520 quaeritis,
422 2464 657 2520 Aegisthus
683 2479 812 2519 quare
837 2465 891 2506 sit
915 2463 1052 2505 factus
1078 2462 1266 2505 adulter?

234 2523 277 2564 in
301 2530 500 2578 promptu
525 2536 653 2563 causa
678 2530 759 2563 est:
786 2521 1020 2563 desidiosus
1047 2528 1148 2562 erat.

178 2579 427 2635 pugnabant
452 2578 521 2619 alii
546 2578 675 2619 tardis
701 2578 815 2634 apud
839 2578 948 2619 Ilion
974 2577 1120 2626 armis3

236 2636 505 2678 transtulerat
529 2635 639 2677 vires
666 2634 849 2677 Graecia
874 2642 962 2676 tota
987 2649 1097 2676 suas.

180 2694 267 2735 sive
293 2708 466 2748 operam
490 2692 610 2734 bellis
635 2692 761 2734 vellet
784 2693 903 2741 dare,
928 2691 1045 2732 nulla
1068 2690 1262 2746 gerebat:
1579 2705 1642 2735 165

239 2751 326 2792 sive
352 2750 463 2799 foro,
490 2763 671 2791 vacuum
695 2749 838 2791 litibus
862 2750 1005 2804 Argos
1031 2756 1132 2790 erat.

179 2807 293 2861 quod
317 2806 471 2863 potuit,
496 2821 549 2849 ne
574 2806 633 2848 nil
657 2806 742 2849 illic
767 2813 980 2863 ageretur:
1007 2804 1177 2848 amavit.
