1831 3168
315 242 397 285 104
769 251 812 286 P.
840 252 985 288 OVIDI
1012 251 1226 288 NASONIS

243 348 285 378 55
311 334 416 376 haec
441 348 629 388 quoque,
655 347 783 388 quam
809 333 952 382 docui,
979 333 1112 374 multa
1137 333 1309 376 meliora
1333 335 1516 385 fuerunt,

369 399 410 432 et
434 391 637 445 quiddam
661 390 752 431 visa
776 398 840 432 est
864 390 1114 432 addidicisse
1140 391 1251 431 novi.

311 447 424 502 quod
450 447 626 488 nimium
652 446 868 502 placuere,
894 447 1052 488 malum
1079 455 1160 488 est:
1187 448 1299 501 quod
1326 456 1413 491 tota
1437 450 1596 492 labellis

368 504 514 559 lingua
539 511 612 545 tua
637 511 700 544 est
724 504 896 552 nostris,
922 511 1065 545 nostra
1090 513 1261 559 recepta
1286 506 1382 546 tuis.

310 574 389 602 nec
413 568 554 602 tamen
579 560 659 601 hoc
683 575 814 601 unum
841 560 982 610 doleo,
1008 575 1092 601 non
1117 561 1260 602 oscula
1284 569 1447 603 tantum

243 629 285 660 60
366 617 510 682 iun-cta
529 617 956 671 queror—quamvis
982 617 1086 658 haec
1104 631 1271 671 quoque
1293 618 1433 660 iuncta
1453 632 1603 674 queior
1623 641 1680 648 -

310 674 381 715 illa
404 673 484 715 nisi
509 674 553 715 in
577 674 684 715 lecto
709 688 918 728 nusquam
943 682 1118 729 potuere
1144 674 1302 716 doceril

366 730 508 772 nescio
534 730 627 785 quis
652 730 834 786 pretium
858 731 1019 786 grande
1045 731 1245 786 magister
1270 731 1409 774 habet.

957 832 1035 874 VI.

309 899 543 950 Psittacus,
570 900 655 942 eois
679 900 880 941 imitatrix
906 900 991 941 ales
1018 900 1071 940 ab
1096 900 1226 949 Indis,

366 957 536 999 occidit:
564 957 762 1010 exequias
788 957 844 998 ite
869 957 1125 1010 frequenter,
1152 971 1264 998 aves.

308 1014 382 1063 ite,
408 1014 503 1070 piae
528 1014 740 1062 volucres,
767 1021 808 1055 et
832 1014 1019 1068 plangite
1044 1020 1214 1068 pectora
1238 1013 1391 1068 pinnis,

365 1078 407 1112 et
431 1071 567 1126 rigido
592 1078 758 1112 teneras
783 1085 926 1125 ungue
952 1077 1094 1111 notate
1119 1084 1264 1124 genas,

263 1141 282 1171 5
309 1126 478 1168 horrida
502 1142 577 1182 pro
602 1127 772 1168 maestis
798 1127 978 1168 lanietur
1001 1127 1146 1182 pluma
1171 1127 1346 1182 capillis,

363 1199 438 1239 pro
464 1184 592 1239 longa
615 1191 813 1225 resonent
838 1184 1024 1225 carmina
1050 1191 1190 1224 vestra
1215 1183 1329 1224 tuba.

307 1241 421 1294 quod
446 1241 582 1282 scelus
607 1241 773 1281 Ismarii
798 1240 1005 1293 quereris,
1032 1240 1290 1290 Philomela,
1317 1240 1498 1295 tyranni,

365 1297 532 1353 expleta
557 1304 620 1338 est
644 1297 764 1338 annis
789 1297 869 1338 ista
894 1297 1079 1350 querella
1105 1297 1203 1337 suis.

308 1353 416 1395 alitis
441 1354 485 1395 in
509 1369 627 1395 rarae
653 1354 853 1395 miserum
879 1353 1084 1394 devertito
1110 1353 1257 1393 funus:

242 1424 282 1454 10
363 1425 538 1466 magna,
565 1418 627 1452 set
652 1410 825 1463 antiqua
850 1417 913 1451 est
938 1424 1066 1450 causa
1090 1410 1243 1450 doloris
1269 1409 1372 1464 Itys.

307 1481 471 1517 omnes,
496 1481 605 1521 quae
629 1467 789 1520 liquido
814 1466 975 1507 libratis
1001 1467 1043 1507 in
1069 1470 1164 1507 aere
1190 1480 1350 1515 cursus,

362 1531 408 1565 tu
433 1531 575 1565 tamen
601 1531 697 1565 ante
723 1524 846 1570 alios,
872 1530 1010 1563 turtur
1035 1523 1181 1571 amice,
1209 1523 1316 1563 dole.

305 1580 430 1635 plena
454 1580 536 1621 fuit
560 1580 680 1621 vobis
706 1580 819 1620 omni
844 1580 1069 1621 concordia
1093 1579 1192 1627 vita,

363 1644 404 1678 et
430 1637 544 1678 stetit
568 1636 622 1677 ad
645 1637 772 1678 finem
797 1637 925 1691 longa
949 1643 1161 1689 tenaxque
1186 1635 1303 1677 fides.

240 1706 279 1736 15
307 1693 420 1747 quod
445 1693 525 1734 fuit
550 1693 789 1748 Argolico
778 1693 942 1734 iuvenis
966 1693 1163 1734 Phoceus
1191 1690 1384 1742 Orestae,

361 1750 441 1791 hoc
466 1750 560 1799 tibi,
587 1751 687 1791 dum
712 1750 847 1799 licuit,
874 1750 1069 1804 psittace,
1096 1757 1233 1790 tuitui
1258 1758 1359 1790 erat.

306 1807 409 1861 quid
434 1815 574 1848 tamen
599 1807 679 1848 ista
703 1807 828 1856 fides,
854 1806 956 1861 quid
980 1807 1063 1847 rari
1087 1806 1225 1847 forma
1250 1806 1412 1854 coloris,

361 1864 463 1916 quid
488 1878 571 1904 vox
596 1863 845 1904 mutandis
834 1863 1055 1918 lngeniosa
1080 1863 1207 1912 sonis,

306 1920 441 1974 quid'
431 1935 503 1960 1uv
507 1927 568 1969 at,
593 1928 640 1961 ut
665 1921 788 1960 datus
815 1899 1070 1969 es‚0nost1·ae
1095 1920 1303 1974 placuisse
1328 1919 1521 1974 puellae?

239 1990 281 2021 20
363 1976 509 2017 infelix
535 1977 678 2017 avium
702 1976 855 2031 gloria,
881 1991 1032 2029 nempe
1058 1976 1182 2017 iaces.

305 2040 349 2074 tu
376 2041 541 2098 poteras
566 2033 737 2087 fragiles
763 2032 901 2087 pinnis
927 2032 1063 2073 hebet:
1067 2047 1124 2073 110
1150 2032 1414 2087 zmaragdos,

363 2091 493 2130 tincta
517 2105 668 2144 gerens
694 2089 821 2129 rubro
846 2089 1011 2129 Punica
1035 2097 1169 2130 rostra
1195 2103 1329 2130 croco.

305 2160 389 2187 non
414 2146 494 2187 fuit
519 2147 561 2186 in
586 2146 705 2187 terris
730 2160 882 2186 vocum
909 2146 1172 2186 simulantior
1197 2146 1302 2186 ales:

363 2203 568 2244 reddebas
594 2203 737 2243 blaeso
764 2210 850 2243 tam
877 2202 983 2243 bene
1008 2203 1138 2243 verba
1164 2201 1285 2242 sono!

239 2272 279 2301 25
306 2267 450 2315 raptus
477 2275 520 2301 es
546 2259 722 2300 invidia:
749 2274 834 2300 non
859 2267 904 2300 tu
930 2260 1019 2300 fera
1044 2259 1155 2300 bella
1179 2259 1399 2307 movebas3

360 2317 556 2371 garrulus
583 2323 623 2358 et
647 2316 839 2371 placidae
865 2316 979 2370 pacis
1006 2323 1168 2356 amator
1192 2330 1297 2357 eras.

306 2387 421 2422 ecce,
447 2373 682 2414 coturniCes
708 2374 817 2415 inter
842 2388 917 2413 sua
942 2373 1100 2427 proelia
1125 2372 1286 2421 vivunt,

361 2430 536 2471 forsitan
562 2437 603 2472 et
626 2430 729 2471 fiant
753 2430 850 2471 inde
876 2430 1118 2483 frequenter
1143 2444 1262 2470 anus.

305 2486 453 2540 plenus
479 2502 570 2528 eras
595 2487 781 2528 minimo.
840 2501 918 2527 nec
943 2501 1043 2541 prae
1069 2486 1272 2527 sermonis
1298 2500 1438 2528 amore

238 2555 280 2586 30
361 2543 404 2584 in
428 2544 582 2585 multos
606 2552 773 2598 poteras
799 2558 872 2584 ora
896 2558 1046 2584 vacare
1072 2543 1199 2584 cibos.

304 2614 391 2640 nux
417 2607 506 2641 erat
531 2615 627 2642 esca
651 2601 726 2641 tibi
753 2614 989 2652 causaeque
1014 2614 1225 2654 papavera
1252 2599 1400 2648 somni,

360 2657 628 2710 pellebatque
653 2657 765 2697 sitim
790 2656 990 2711 simplicis
1014 2670 1136 2697 umor
1161 2670 1309 2710 aquae.

305 2711 408 2752 vivit
433 2713 541 2753 edax
567 2714 705 2754 voltur
730 2714 971 2766 ducensque
996 2728 1072 2768 per
1097 2716 1194 2754 aera
1218 2727 1345 2768 gyros

360 2768 514 2810 miluus
541 2777 581 2811 et
605 2770 772 2824 pluviae
797 2770 993 2824 graculus
1019 2778 1165 2810 auctor
1190 2783 1344 2823 aquae:
