1831 3168
428 259 582 295 ARTIS
609 260 914 296 AMAToRIAE
940 261 1036 295 LIB.
1064 260 1132 295 111.
1160 261 1330 296 -13—125.
1485 252 1568 294 179

253 340 408 382 sufficit
435 348 474 382 ct
501 341 642 383 damni
670 358 765 397 pars
793 351 907 384 caret
933 343 1003 384 illa
1028 350 1154 384 uictu.

194 399 288 452 quis
315 405 426 440 vetet
451 399 642 453 adposito
668 401 809 440 lumen
836 400 886 440 de
915 399 1071 440 lumine
1097 399 1231 440 suini?

253 455 401 509 quisve
427 470 531 496 cavo
558 465 697 497 vastas
724 456 765 497 in
793 472 906 498 mare
932 464 1068 498 servet
1094 456 1249 509 aquas?

195 519 237 553 et
263 522 403 553 tamen
428 512 514 553 ulla
540 513 627 554 viro
654 513 804 554 mulier
830 518 933 554 ‘non
959 513 1145 568 expedit'
1173 512 1333 567 inquit?
1594 526 1636 556 95

254 569 375 623 quid,
402 569 480 609 nisi
507 583 634 623 quam
660 585 820 619 sumes,
848 570 914 611 dic
939 570 1059 617 mihi,
1085 570 1225 624 perdis
1251 569 1431 623 aquam?

196 640 272 666 nec
300 640 372 666 vos
399 626 608 680 prostituit
636 641 728 668 mea
754 641 856 676 vox,
883 626 956 668 sed
983 641 1091 667 vana
1117 626 1263 667 timere

254 683 408 723 damna
434 690 565 724 vetat:
593 683 756 724 damnis
782 698 958 724 munera
984 692 1122 724 vestra
1148 691 1302 724 carent.
1329 707 1385 712 —

198 739 270 780 scd
297 754 363 781 me
388 739 627 781 flaminibus
653 740 767 781 venti
792 739 961 780 maioris
986 740 1156 788 iturum,

254 796 354 836 dum
380 811 524 837 sumus
550 797 592 837 in
617 804 760 851 portu,
786 795 991 852 provehat
1016 811 1118 836 aura
1142 796 1260 837 levis.
1595 811 1660 842 100

195 853 336 893 ordior
361 868 385 894 a
411 853 539 894 cultu.
600 853 722 895 cultis
749 853 854 895 bene
879 852 1013 894 Liber
1037 852 1090 894 ab
1117 852 1209 893 uvis

252 910 464 964 provenit,
491 917 531 951 et
557 910 668 951 culto
694 918 776 951 stat
800 924 922 965 seges
948 909 1032 951 alta
1057 909 1159 950 solo.

195 966 332 1007 forma
357 966 425 1007 dei
451 982 617 1008 munus.
677 967 813 1007 forma
838 973 967 1020 quota
991 980 1184 1020 quaeque
1210 966 1425 1022 superbit?

252 1038 350 1078 pars
375 1031 562 1065 vestrum
587 1023 659 1065 tali
685 1038 857 1065 munere
882 1037 1039 1078 magna
1064 1031 1190 1064 earet.

195 1095 296 1122 cura
322 1079 439 1121 dabit
463 1080 633 1122 faciem:
661 1080 789 1121 facies
815 1080 1003 1121 neclecta
1028 1080 1193 1135 peribit,
1597 1095 1659 1126 105

255 1137 414 1178 Idaliae
441 1137 586 1178 similis
613 1137 663 1178 sit
689 1137 785 1178 licet
810 1137 881 1178 illa
907 1137 1023 1178 deae.

196 1208 371 1249 corpora
397 1194 430 1235 si
456 1202 618 1236 veteres
642 1208 727 1235 non
752 1193 811 1235 sic
837 1193 1002 1235 coluere
1028 1194 1206 1248 puellae,

252 1265 330 1292 nec
356 1258 518 1292 veteres
544 1251 678 1292 cultos
704 1251 764 1292 sie
790 1251 975 1293 habuere
1000 1251 1126 1292 viros.

195 1308 230 1349 si
255 1307 335 1348 fuit
359 1307 659 1349 Andromache
685 1307 848 1349 tunicas
874 1307 1022 1349 induta
1047 1308 1247 1358 valentes,

252 1364 354 1418 quid
380 1364 559 1405 mirum?
585 1365 678 1406 duri
704 1365 845 1406 militis
872 1380 978 1406 uxor
1003 1371 1105 1406 erat.
1599 1379 1663 1410 110

196 1421 353 1463 scilicet
378 1422 503 1462 Aiaci
529 1422 714 1463 coniunx
740 1430 886 1463 ornata
911 1422 1090 1471 venires,

253 1478 321 1520 cui
346 1486 546 1534 tegumen
573 1488 734 1534 septem
759 1487 879 1535 terga
904 1479 1022 1520 fuere
1048 1479 1203 1520 boum?

196 1535 440 1590 simplicitas
466 1535 582 1577 rudis
608 1545 704 1578 ante
730 1536 829 1577 suit:
856 1551 969 1577 nunc
994 1551 1122 1578 aurea
1146 1535 1284 1577 Roma
1309 1543 1371 1577 est

254 1600 294 1633 et
320 1591 466 1632 domiti
492 1607 667 1647 magnas
692 1593 878 1647 possidet
905 1592 1016 1633 orbis
1042 1607 1156 1647 opes.

195 1647 338 1704 aspice
392 1662 500 1702 quae
525 1665 638 1691 nune
664 1657 761 1690 sunt
787 1648 1016 1714 Capitolia,
1043 1663 1237 1703 quaeque
1262 1648 1453 1691 fuer:unt
1598 1664 1660 1694 115

254 1705 425 1746 alterius
452 1705 565 1747 dices
590 1706 662 1747 illa
686 1706 816 1747 fuisse
843 1701 970 1747 lovis.

199 1761 315 1803 culia
340 1762 516 1803 concilio
542 1777 654 1804 nunc
680 1776 743 1804 est
768 1763 1017 1818 dignissima
1042 1770 1179 1803 tanto:

254 1819 306 1860 de
332 1819 487 1874 stipula
511 1819 635 1860 Tatio
660 1834 792 1875 regna
817 1829 984 1861 tenente
1010 1819 1103 1860 fuit.

196 1889 305 1929 quae
330 1890 443 1917 nunc
469 1876 547 1917 sub
572 1876 749 1918 Phoebo
775 1877 1037 1930 ducibusque
1063 1875 1230 1917 Palatia
1255 1876 1434 1931 fulgent,

254 1932 356 1986 quid
380 1933 460 1974 nisi
486 1933 662 1974 araturis
688 1948 846 1988 pascua
872 1933 1010 1974 bubus
1037 1933 1181 1974 erant?
1598 1948 1662 1978 120

195 1989 333 2044 prisca
357 1989 502 2031 iuvent
528 1990 650 2031 alios:
678 2005 758 2045 ego
784 2005 850 2031 me
876 2005 988 2032 nunc
1015 1990 1197 2044 denique
1222 1996 1370 2031 natum

251 2047 458 2101 gratulor3
485 2046 590 2088 haec
615 2055 730 2089 aetas
754 2047 943 2088 moribus
969 2055 1067 2102 apta
1092 2047 1210 2096 ineis,

195 2117 280 2143 non
306 2104 405 2157 quia
429 2118 542 2145 nunc
567 2112 702 2145 terrae
726 2105 888 2146 lentum
913 2103 1164 2145 subducitur
1188 2119 1352 2153 aurum,

251 2160 445 2214 lectaque
472 2161 637 2202 diverso
661 2161 782 2202 litore
809 2161 969 2202 concha
996 2161 1122 2210 venit,

196 2230 274 2257 nec
300 2217 400 2270 quia
425 2217 674 2258 decrescunt
698 2217 852 2259 effosso
878 2232 1086 2259 marmore
1111 2224 1288 2266 montes,
1598 2231 1661 2261 125

252 2288 331 2314 nec
356 2273 457 2327 quia
482 2274 699 2315 caeruleae
725 2275 833 2315 mole
859 2274 1063 2328 fugantur
1088 2288 1243 2327 aquae:

196 2329 271 2371 sed
296 2330 396 2383 quia
422 2330 558 2371 cultus
584 2330 723 2378 adest,
748 2345 826 2371 nec
851 2338 1015 2371 nostros
1040 2331 1194 2371 mansit
1217 2330 1260 2371 in
1287 2344 1417 2371 annos

254 2386 484 2434 rusticitas,
510 2386 658 2441 priscis
683 2387 754 2428 illa
780 2394 992 2441 superstes
1018 2387 1120 2428 avis.

198 2457 273 2484 vos
298 2457 467 2497 quoque
492 2458 576 2484 non
601 2443 707 2484 caris
733 2459 854 2485 aures
880 2451 1049 2484 onerate
1074 2443 1240 2498 lapillis,

256 2514 362 2553 quos
387 2500 490 2554 legit
514 2499 557 2541 in
581 2500 704 2541 viridi
730 2500 897 2541 decolor
921 2499 1054 2541 Indus
1080 2514 1204 2554 aqua,
1599 2514 1663 2544 13⁴)

198 2571 277 2598 nec
301 2556 517 2612 proditeo
493 2571 643 2598 Graves
667 2556 807 2598 insuto
834 2557 1021 2598 vestibus
1046 2571 1162 2598 auro.

258 2628 333 2668 per
358 2628 463 2666 quas
488 2627 565 2654 nos
589 2613 750 2668 petitis,
778 2629 903 2679 saepe
928 2613 1106 2669 fucratis,
1134 2628 1248 2669 opes·

200 2670 417 2711 munditiis
443 2670 644 2725 capimur.
703 2684 787 2711 non
812 2671 894 2712 sint
919 2670 1008 2713 sine
1032 2670 1126 2726 lege
1153 2670 1311 2725 capilli·

259 2726 453 2769 admotae
478 2726 658 2768 formam
683 2727 867 2781 dantque
892 2735 1135 2783 negantque
1160 2742 1324 2769 manus.

201 2798 278 2825 nec
303 2798 438 2840 genus
464 2791 635 2826 ornatus
661 2799 793 2826 unum
819 2792 894 2827 est.
954 2784 1069 2839 quod
1093 2797 1306 2839 quamque
1332 2784 1511 2835 decebit,
1599 2798 1663 2828 135

1277 2851 1343 2885 12³
