<?xml version="1.0" encoding="UTF-8"?>
<!DOCTYPE html PUBLIC "-//W3C//DTD XHTML 1.0 Transitional//EN"
    "http://www.w3.org/TR/xhtml1/DTD/xhtml1-transitional.dtd">
<html xmlns="http://www.w3.org/1999/xhtml" xml:lang="en" lang="en">
 <head>
  <title>
</title>
<meta http-equiv="Content-Type" content="text/html;charset=utf-8" />
  <meta name='ocr-system' content='tesseract 3.04.00' />
  <meta name='ocr-capabilities' content='ocr_page ocr_carea ocr_par ocr_line ocrx_word'/>
</head>
<body>
  <div class='ocr_page' id='page_1' title='image "./carminao01oviduoft_0058.png"; bbox 0 0 1831 3168; ppageno 0'>
   <div class='ocr_carea' id='block_1_1' title="bbox 321 206 1231 253">
    <p class='ocr_par' dir='ltr' id='par_1_1' title="bbox 321 206 1231 253">
     <span class='ocr_line' id='line_1_1' title="bbox 321 206 1231 253; baseline 0.003 -4"><span class='ocrx_word' id='word_1_1' title='bbox 321 206 377 249; x_wconf 90' lang='lat'>38</span> <span class='ocrx_word' id='word_1_2' title='bbox 773 216 815 251; x_wconf 87' lang='lat' dir='ltr'>P.</span> <span class='ocrx_word' id='word_1_3' title='bbox 843 216 988 252; x_wconf 79' lang='lat' dir='ltr'>ovlm</span> <span class='ocrx_word' id='word_1_4' title='bbox 1013 215 1231 253; x_wconf 80' lang='lat' dir='ltr'>NASONIS</span> 
     </span>
    </p>
   </div>
   <div class='ocr_carea' id='block_1_2' title="bbox 221 296 1588 2794">
    <p class='ocr_par' dir='ltr' id='par_1_2' title="bbox 245 296 1569 1714">
     <span class='ocr_line' id='line_1_2' title="bbox 251 296 1265 353; baseline -0.003 -12"><span class='ocrx_word' id='word_1_5' title='bbox 251 310 293 341; x_wconf 81' lang='lat'>60</span> <span class='ocrx_word' id='word_1_6' title='bbox 377 296 510 346; x_wconf 92' lang='lat' dir='ltr'>‘vive‚</span> <span class='ocrx_word' id='word_1_7' title='bbox 536 312 614 339; x_wconf 88' lang='lat' dir='ltr'>nce</span> <span class='ocrx_word' id='word_1_8' title='bbox 639 297 763 338; x_wconf 81' lang='lat' dir='ltr'>unius</span> <span class='ocrx_word' id='word_1_9' title='bbox 790 312 962 352; x_wconf 88' lang='lat' dir='ltr'>corpore</span> <span class='ocrx_word' id='word_1_10' title='bbox 987 298 1115 353; x_wconf 89' lang='lat' dir='ltr'>perde</span> <span class='ocrx_word' id='word_1_11' title='bbox 1141 297 1265 338; x_wconf 81' lang='lat' dir='ltr'>duos!</span> 
     </span>
     <span class='ocr_line' id='line_1_3' title="bbox 319 354 1444 409; baseline 0.003 -14"><span class='ocrx_word' id='word_1_12' title='bbox 319 368 414 409; x_wconf 90' lang='lat' dir='ltr'>spes</span> <span class='ocrx_word' id='word_1_13' title='bbox 440 354 551 395; x_wconf 86' lang='lat' dir='ltr'>bona</span> <span class='ocrx_word' id='word_1_14' title='bbox 575 354 646 395; x_wconf 90' lang='lat' dir='ltr'>det</span> <span class='ocrx_word' id='word_1_15' title='bbox 670 354 793 395; x_wconf 79' lang='lat' dir='ltr'>vires.</span> <span class='ocrx_word' id='word_1_16' title='bbox 853 355 993 395; x_wconf 85' lang='lat' dir='ltr'>fratris</span> <span class='ocrx_word' id='word_1_17' title='bbox 1018 369 1116 395; x_wconf 86' lang='lat' dir='ltr'>nam</span> <span class='ocrx_word' id='word_1_18' title='bbox 1142 362 1274 409; x_wconf 85' lang='lat' dir='ltr'>nupta</span> <span class='ocrx_word' id='word_1_19' title='bbox 1298 354 1444 398; x_wconf 85' lang='lat' dir='ltr'>futura</span> 
     </span>
     <span class='ocr_line' id='line_1_4' title="bbox 375 410 1194 464; baseline 0 -13"><span class='ocrx_word' id='word_1_20' title='bbox 375 410 506 460; x_wconf 90' lang='lat' dir='ltr'>illius,</span> <span class='ocrx_word' id='word_1_21' title='bbox 532 410 583 451; x_wconf 91' lang='lat' dir='ltr'>de</span> <span class='ocrx_word' id='word_1_22' title='bbox 609 425 693 464; x_wconf 87' lang='lat' dir='ltr'>quo</span> <span class='ocrx_word' id='word_1_23' title='bbox 718 418 864 460; x_wconf 87' lang='lat' dir='ltr'>mater,</span> <span class='ocrx_word' id='word_1_24' title='bbox 891 419 930 452; x_wconf 90' lang='lat' dir='ltr'>et</span> <span class='ocrx_word' id='word_1_25' title='bbox 956 426 1062 452; x_wconf 88' lang='lat' dir='ltr'>uxor</span> <span class='ocrx_word' id='word_1_26' title='bbox 1087 411 1194 452; x_wconf 85' lang='lat' dir='ltr'>eris.&#39;</span> 
     </span>
     <span class='ocr_line' id='line_1_5' title="bbox 318 466 1468 522; baseline 0.002 -14"><span class='ocrx_word' id='word_1_27' title='bbox 318 475 484 508; x_wconf 86' lang='lat' dir='ltr'>mortua</span> <span class='ocrx_word' id='word_1_28' title='bbox 507 466 650 519; x_wconf 88' lang='lat' dir='ltr'>(crede</span> <span class='ocrx_word' id='word_1_29' title='bbox 676 467 798 522; x_wconf 86' lang='lat' dir='ltr'>mihi)</span> <span class='ocrx_word' id='word_1_30' title='bbox 823 474 964 509; x_wconf 85' lang='lat' dir='ltr'>tamen</span> <span class='ocrx_word' id='word_1_31' title='bbox 990 467 1043 508; x_wconf 87' lang='lat' dir='ltr'>ad</span> <span class='ocrx_word' id='word_1_32' title='bbox 1068 475 1142 509; x_wconf 84' lang='lat' dir='ltr'>tua</span> <span class='ocrx_word' id='word_1_33' title='bbox 1166 467 1296 509; x_wconf 88' lang='lat' dir='ltr'>verba</span> <span class='ocrx_word' id='word_1_34' title='bbox 1320 468 1468 519; x_wconf 84' lang='lat' dir='ltr'>revixi,</span> 
     </span>
     <span class='ocr_line' id='line_1_6' title="bbox 375 523 1362 577; baseline 0.001 -12"><span class='ocrx_word' id='word_1_35' title='bbox 375 531 416 565; x_wconf 86' lang='lat' dir='ltr'>ct</span> <span class='ocrx_word' id='word_1_36' title='bbox 440 523 622 577; x_wconf 85' lang='lat' dir='ltr'>positum</span> <span class='ocrx_word' id='word_1_37' title='bbox 649 531 711 565; x_wconf 87' lang='lat' dir='ltr'>est</span> <span class='ocrx_word' id='word_1_38' title='bbox 735 525 842 565; x_wconf 89' lang='lat' dir='ltr'>uteri</span> <span class='ocrx_word' id='word_1_39' title='bbox 869 525 1025 566; x_wconf 81' lang='lat' dir='ltr'>crimen</span> <span class='ocrx_word' id='word_1_40' title='bbox 1051 538 1241 577; x_wconf 89' lang='lat' dir='ltr'>onusque</span> <span class='ocrx_word' id='word_1_41' title='bbox 1266 525 1362 566; x_wconf 87' lang='lat' dir='ltr'>mei.</span> 
     </span>
     <span class='ocr_line' id='line_1_7' title="bbox 251 580 1382 635; baseline 0.002 -14"><span class='ocrx_word' id='word_1_42' title='bbox 251 591 291 621; x_wconf 84' lang='lat'>05</span> <span class='ocrx_word' id='word_1_43' title='bbox 317 580 419 635; x_wconf 87' lang='lat' dir='ltr'>quid</span> <span class='ocrx_word' id='word_1_44' title='bbox 444 580 521 620; x_wconf 87' lang='lat' dir='ltr'>tibi</span> <span class='ocrx_word' id='word_1_45' title='bbox 545 581 750 635; x_wconf 85' lang='lat' dir='ltr'>grataris?</span> <span class='ocrx_word' id='word_1_46' title='bbox 774 581 913 622; x_wconf 91' lang='lat' dir='ltr'>media</span> <span class='ocrx_word' id='word_1_47' title='bbox 938 581 1055 623; x_wconf 87' lang='lat' dir='ltr'>sedet</span> <span class='ocrx_word' id='word_1_48' title='bbox 1081 582 1242 622; x_wconf 83' lang='lat' dir='ltr'>Aeolus</span> <span class='ocrx_word' id='word_1_49' title='bbox 1268 582 1382 623; x_wconf 88' lang='lat' dir='ltr'>aula:</span> 
     </span>
     <span class='ocr_line' id='line_1_8' title="bbox 375 636 1291 693; baseline 0.002 -16"><span class='ocrx_word' id='word_1_50' title='bbox 375 636 550 678; x_wconf 81' lang='lat' dir='ltr'>crimina.</span> <span class='ocrx_word' id='word_1_51' title='bbox 573 644 672 678; x_wconf 79' lang='lat' dir='ltr'>sunt</span> <span class='ocrx_word' id='word_1_52' title='bbox 696 638 827 679; x_wconf 85' lang='lat' dir='ltr'>oeulis</span> <span class='ocrx_word' id='word_1_53' title='bbox 853 638 1123 693; x_wconf 84' lang='lat' dir='ltr'>subripienda</span> <span class='ocrx_word' id='word_1_54' title='bbox 1147 638 1291 693; x_wconf 84' lang='lat' dir='ltr'>patris.</span> 
     </span>
     <span class='ocr_line' id='line_1_9' title="bbox 317 693 1366 748; baseline 0.003 -14"><span class='ocrx_word' id='word_1_55' title='bbox 317 693 538 735; x_wconf 81' lang='lat' dir='ltr'>frondibus</span> <span class='ocrx_word' id='word_1_56' title='bbox 563 694 767 736; x_wconf 82' lang='lat' dir='ltr'>infantem</span> <span class='ocrx_word' id='word_1_57' title='bbox 792 695 1002 748; x_wconf 82' lang='lat' dir='ltr'>ramisque</span> <span class='ocrx_word' id='word_1_58' title='bbox 1028 695 1206 737; x_wconf 84' lang='lat' dir='ltr'>albentis</span> <span class='ocrx_word' id='word_1_59' title='bbox 1231 695 1366 737; x_wconf 87' lang='lat' dir='ltr'>olivae</span> 
     </span>
     <span class='ocr_line' id='line_1_10' title="bbox 375 750 1188 799; baseline 0.001 -8"><span class='ocrx_word' id='word_1_60' title='bbox 375 758 416 792; x_wconf 87' lang='lat' dir='ltr'>et</span> <span class='ocrx_word' id='word_1_61' title='bbox 439 750 601 792; x_wconf 88' lang='lat' dir='ltr'>levibus</span> <span class='ocrx_word' id='word_1_62' title='bbox 627 751 740 792; x_wconf 85' lang='lat' dir='ltr'>vittis</span> <span class='ocrx_word' id='word_1_63' title='bbox 767 752 912 793; x_wconf 81' lang='lat' dir='ltr'>sedula</span> <span class='ocrx_word' id='word_1_64' title='bbox 937 753 1044 793; x_wconf 90' lang='lat' dir='ltr'>celat</span> <span class='ocrx_word' id='word_1_65' title='bbox 1069 767 1188 799; x_wconf 89' lang='lat' dir='ltr'>anus,</span> 
     </span>
     <span class='ocr_line' id='line_1_11' title="bbox 316 806 1391 864; baseline 0.001 -16"><span class='ocrx_word' id='word_1_66' title='bbox 316 806 498 861; x_wconf 83' lang='lat' dir='ltr'>fictaque</span> <span class='ocrx_word' id='word_1_67' title='bbox 525 822 644 849; x_wconf 85' lang='lat' dir='ltr'>sacra</span> <span class='ocrx_word' id='word_1_68' title='bbox 668 808 767 849; x_wconf 87' lang='lat' dir='ltr'>facit</span> <span class='ocrx_word' id='word_1_69' title='bbox 795 809 978 862; x_wconf 80' lang='lat' dir='ltr'><strong>dicitque</strong></span> <span class='ocrx_word' id='word_1_70' title='bbox 1003 809 1218 864; x_wconf 82' lang='lat' dir='ltr'>precantia</span> <span class='ocrx_word' id='word_1_71' title='bbox 1243 809 1391 851; x_wconf 89' lang='lat' dir='ltr'>verba:</span> 
     </span>
     <span class='ocr_line' id='line_1_12' title="bbox 250 864 1330 920; baseline 0.003 -17"><span class='ocrx_word' id='word_1_72' title='bbox 250 873 292 904; x_wconf 86' lang='lat'>70</span> <span class='ocrx_word' id='word_1_73' title='bbox 375 864 447 904; x_wconf 86' lang='lat' dir='ltr'>(lat</span> <span class='ocrx_word' id='word_1_74' title='bbox 471 866 652 920; x_wconf 89' lang='lat' dir='ltr'>populus</span> <span class='ocrx_word' id='word_1_75' title='bbox 678 865 826 914; x_wconf 88' lang='lat' dir='ltr'>sacris,</span> <span class='ocrx_word' id='word_1_76' title='bbox 853 866 923 906; x_wconf 89' lang='lat' dir='ltr'>dat</span> <span class='ocrx_word' id='word_1_77' title='bbox 948 875 1067 920; x_wconf 85' lang='lat' dir='ltr'>pater</span> <span class='ocrx_word' id='word_1_78' title='bbox 1091 865 1180 920; x_wconf 90' lang='lat' dir='ltr'>ipse</span> <span class='ocrx_word' id='word_1_79' title='bbox 1206 865 1330 906; x_wconf 88' lang='lat' dir='ltr'>viam.</span> 
     </span>
     <span class='ocr_line' id='line_1_13' title="bbox 315 920 1462 977; baseline 0.003 -16"><span class='ocrx_word' id='word_1_80' title='bbox 315 920 399 961; x_wconf 88' lang='lat' dir='ltr'>iam</span> <span class='ocrx_word' id='word_1_81' title='bbox 425 935 556 976; x_wconf 88' lang='lat' dir='ltr'>prope</span> <span class='ocrx_word' id='word_1_82' title='bbox 581 922 708 963; x_wconf 90' lang='lat' dir='ltr'>limen</span> <span class='ocrx_word' id='word_1_83' title='bbox 733 930 834 963; x_wconf 83' lang='lat' dir='ltr'>erat.</span> <span class='ocrx_word' id='word_1_84' title='bbox 894 922 1050 977; x_wconf 83' lang='lat' dir='ltr'>patrias</span> <span class='ocrx_word' id='word_1_85' title='bbox 1076 922 1244 976; x_wconf 84' lang='lat' dir='ltr'>vagitus</span> <span class='ocrx_word' id='word_1_86' title='bbox 1270 923 1323 963; x_wconf 86' lang='lat' dir='ltr'>ad</span> <span class='ocrx_word' id='word_1_87' title='bbox 1349 922 1462 964; x_wconf 86' lang='lat' dir='ltr'>auris</span> 
     </span>
     <span class='ocr_line' id='line_1_14' title="bbox 373 977 1176 1033; baseline 0.001 -15"><span class='ocrx_word' id='word_1_88' title='bbox 373 977 507 1027; x_wconf 87' lang='lat' dir='ltr'>venit,</span> <span class='ocrx_word' id='word_1_89' title='bbox 533 986 574 1020; x_wconf 85' lang='lat' dir='ltr'>et</span> <span class='ocrx_word' id='word_1_90' title='bbox 597 979 751 1019; x_wconf 90' lang='lat' dir='ltr'>indicio</span> <span class='ocrx_word' id='word_1_91' title='bbox 777 979 968 1033; x_wconf 82' lang='lat' dir='ltr'>proditur</span> <span class='ocrx_word' id='word_1_92' title='bbox 992 979 1061 1020; x_wconf 92' lang='lat' dir='ltr'>ille</span> <span class='ocrx_word' id='word_1_93' title='bbox 1087 993 1176 1019; x_wconf 92' lang='lat' dir='ltr'>suo.</span> 
     </span>
     <span class='ocr_line' id='line_1_15' title="bbox 317 1009 1280 1089; baseline 0.002 -15"><span class='ocrx_word' id='word_1_94' title='bbox 317 1034 440 1089; x_wconf 81' lang='lat' dir='ltr'>e1ipit</span> <span class='ocrx_word' id='word_1_95' title='bbox 463 1009 669 1076; x_wconf 79' lang='lat' dir='ltr'>irifantem</span> <span class='ocrx_word' id='word_1_96' title='bbox 694 1036 951 1089; x_wconf 82' lang='lat' dir='ltr'>mentitaque</span> <span class='ocrx_word' id='word_1_97' title='bbox 978 1050 1097 1076; x_wconf 82' lang='lat' dir='ltr'>sacra</span> <span class='ocrx_word' id='word_1_98' title='bbox 1121 1035 1280 1076; x_wconf 86' lang='lat' dir='ltr'>revelat</span> 
     </span>
     <span class='ocr_line' id='line_1_16' title="bbox 372 1091 1186 1147; baseline 0.001 -16"><span class='ocrx_word' id='word_1_99' title='bbox 372 1091 548 1132; x_wconf 79' lang='lat' dir='ltr'>Aeolus.</span> <span class='ocrx_word' id='word_1_100' title='bbox 609 1092 756 1133; x_wconf 85' lang='lat' dir='ltr'>insana</span> <span class='ocrx_word' id='word_1_101' title='bbox 780 1092 898 1147; x_wconf 82' lang='lat' dir='ltr'>regia</span> <span class='ocrx_word' id='word_1_102' title='bbox 922 1106 1026 1133; x_wconf 88' lang='lat' dir='ltr'>voce</span> <span class='ocrx_word' id='word_1_103' title='bbox 1053 1099 1186 1133; x_wconf 84' lang='lat' dir='ltr'>sonat.</span> 
     </span>
     <span class='ocr_line' id='line_1_17' title="bbox 248 1148 1490 1204; baseline 0.002 -17"><span class='ocrx_word' id='word_1_104' title='bbox 248 1157 288 1188; x_wconf 86' lang='lat'>75</span> <span class='ocrx_word' id='word_1_105' title='bbox 314 1154 361 1188; x_wconf 84' lang='lat' dir='ltr'>ut</span> <span class='ocrx_word' id='word_1_106' title='bbox 386 1162 501 1190; x_wconf 84' lang='lat' dir='ltr'>mare</span> <span class='ocrx_word' id='word_1_107' title='bbox 526 1148 573 1190; x_wconf 87' lang='lat' dir='ltr'>fit</span> <span class='ocrx_word' id='word_1_108' title='bbox 595 1149 839 1198; x_wconf 85' lang='lat' dir='ltr'>tremulum,</span> <span class='ocrx_word' id='word_1_109' title='bbox 866 1149 982 1191; x_wconf 87' lang='lat' dir='ltr'>tenui</span> <span class='ocrx_word' id='word_1_110' title='bbox 1008 1163 1104 1190; x_wconf 88' lang='lat' dir='ltr'>cum</span> <span class='ocrx_word' id='word_1_111' title='bbox 1130 1148 1349 1204; x_wconf 83' lang='lat' dir='ltr'>stringitur</span> <span class='ocrx_word' id='word_1_112' title='bbox 1373 1163 1490 1198; x_wconf 84' lang='lat' dir='ltr'>aura,</span> 
     </span>
     <span class='ocr_line' id='line_1_18' title="bbox 373 1205 1272 1261; baseline 0.001 -16"><span class='ocrx_word' id='word_1_113' title='bbox 373 1211 420 1245; x_wconf 85' lang='lat' dir='ltr'>ut</span> <span class='ocrx_word' id='word_1_114' title='bbox 444 1205 632 1258; x_wconf 89' lang='lat' dir='ltr'>quatitur</span> <span class='ocrx_word' id='word_1_115' title='bbox 656 1206 797 1261; x_wconf 87' lang='lat' dir='ltr'>tepido</span> <span class='ocrx_word' id='word_1_116' title='bbox 823 1205 990 1247; x_wconf 85' lang='lat' dir='ltr'>fraxina</span> <span class='ocrx_word' id='word_1_117' title='bbox 1014 1206 1134 1260; x_wconf 82' lang='lat' dir='ltr'>virga</span> <span class='ocrx_word' id='word_1_118' title='bbox 1159 1214 1272 1254; x_wconf 89' lang='lat' dir='ltr'>noto,</span> 
     </span>
     <span class='ocr_line' id='line_1_19' title="bbox 317 1260 1325 1318; baseline 0.002 -17"><span class='ocrx_word' id='word_1_119' title='bbox 317 1260 376 1302; x_wconf 88' lang='lat' dir='ltr'>sic</span> <span class='ocrx_word' id='word_1_120' title='bbox 401 1276 496 1303; x_wconf 87' lang='lat' dir='ltr'>mea</span> <span class='ocrx_word' id='word_1_121' title='bbox 519 1262 677 1303; x_wconf 57' lang='lat' dir='ltr'>v1b1ru1</span> <span class='ocrx_word' id='word_1_122' title='bbox 702 1263 902 1318; x_wconf 85' lang='lat' dir='ltr'>pallentia</span> <span class='ocrx_word' id='word_1_123' title='bbox 926 1262 1117 1304; x_wconf 84' lang='lat' dir='ltr'>membra</span> <span class='ocrx_word' id='word_1_124' title='bbox 1142 1262 1325 1304; x_wconf 82' lang='lat' dir='ltr'>videres:</span> 
     </span>
     <span class='ocr_line' id='line_1_20' title="bbox 373 1319 1324 1374; baseline 0 -15"><span class='ocrx_word' id='word_1_125' title='bbox 373 1331 551 1371; x_wconf 88' lang='lat' dir='ltr'>quassus</span> <span class='ocrx_word' id='word_1_126' title='bbox 577 1319 630 1359; x_wconf 86' lang='lat' dir='ltr'>ab</span> <span class='ocrx_word' id='word_1_127' title='bbox 655 1319 837 1374; x_wconf 89' lang='lat' dir='ltr'>inposito</span> <span class='ocrx_word' id='word_1_128' title='bbox 863 1334 1038 1374; x_wconf 76' lang='lat' dir='ltr'>corpole</span> <span class='ocrx_word' id='word_1_129' title='bbox 1063 1320 1196 1360; x_wconf 88' lang='lat' dir='ltr'>lectus</span> <span class='ocrx_word' id='word_1_130' title='bbox 1223 1327 1324 1360; x_wconf 76' lang='lat' dir='ltr'>erat.</span> 
     </span>
     <span class='ocr_line' id='line_1_21' title="bbox 314 1374 1346 1432; baseline 0.001 -17"><span class='ocrx_word' id='word_1_131' title='bbox 314 1374 444 1415; x_wconf 85' lang='lat' dir='ltr'>inruit</span> <span class='ocrx_word' id='word_1_132' title='bbox 469 1382 510 1416; x_wconf 84' lang='lat' dir='ltr'>et</span> <span class='ocrx_word' id='word_1_133' title='bbox 533 1382 724 1417; x_wconf 84' lang='lat' dir='ltr'>nostrum</span> <span class='ocrx_word' id='word_1_134' title='bbox 749 1377 894 1432; x_wconf 85' lang='lat' dir='ltr'>vulgat</span> <span class='ocrx_word' id='word_1_135' title='bbox 920 1377 1101 1417; x_wconf 85' lang='lat' dir='ltr'>clamore</span> <span class='ocrx_word' id='word_1_136' title='bbox 1128 1376 1346 1431; x_wconf 88' lang='lat' dir='ltr'>pudorem,</span> 
     </span>
     <span class='ocr_line' id='line_1_22' title="bbox 245 1432 1229 1475; baseline 0.001 -3"><span class='ocrx_word' id='word_1_137' title='bbox 245 1441 290 1473; x_wconf 86' lang='lat'>80</span> <span class='ocrx_word' id='word_1_138' title='bbox 372 1439 413 1473; x_wconf 85' lang='lat' dir='ltr'>et</span> <span class='ocrx_word' id='word_1_139' title='bbox 437 1432 508 1472; x_wconf 89' lang='lat' dir='ltr'>vix</span> <span class='ocrx_word' id='word_1_140' title='bbox 534 1448 558 1473; x_wconf 89' lang='lat' dir='ltr'>a</span> <span class='ocrx_word' id='word_1_141' title='bbox 582 1432 735 1474; x_wconf 89' lang='lat' dir='ltr'>misero</span> <span class='ocrx_word' id='word_1_142' title='bbox 761 1433 945 1475; x_wconf 90' lang='lat' dir='ltr'>eontinet</span> <span class='ocrx_word' id='word_1_143' title='bbox 970 1447 1040 1475; x_wconf 90' lang='lat' dir='ltr'>ore</span> <span class='ocrx_word' id='word_1_144' title='bbox 1065 1448 1229 1474; x_wconf 86' lang='lat' dir='ltr'>manus.</span> 
     </span>
     <span class='ocr_line' id='line_1_23' title="bbox 312 1487 1420 1545; baseline 0.002 -17"><span class='ocrx_word' id='word_1_145' title='bbox 312 1487 405 1542; x_wconf 84' lang='lat' dir='ltr'>ipsa</span> <span class='ocrx_word' id='word_1_146' title='bbox 428 1488 532 1529; x_wconf 87' lang='lat' dir='ltr'>nihil</span> <span class='ocrx_word' id='word_1_147' title='bbox 556 1496 722 1543; x_wconf 82' lang='lat' dir='ltr'>praeter</span> <span class='ocrx_word' id='word_1_148' title='bbox 744 1490 939 1531; x_wconf 80' lang='lat' dir='ltr'>lacrimas</span> <span class='ocrx_word' id='word_1_149' title='bbox 963 1489 1213 1545; x_wconf 85' lang='lat' dir='ltr'>pudibunda</span> <span class='ocrx_word' id='word_1_150' title='bbox 1237 1489 1420 1545; x_wconf 88' lang='lat' dir='ltr'>profudi.</span> 
     </span>
     <span class='ocr_line' id='line_1_24' title="bbox 370 1546 1259 1602; baseline 0.002 -17"><span class='ocrx_word' id='word_1_151' title='bbox 370 1552 635 1600; x_wconf 41' lang='lat' dir='ltr'>torpuerat(&gt;</span> <span class='ocrx_word' id='word_1_152' title='bbox 612 1546 749 1587; x_wconf 65' lang='lat' dir='ltr'>ffelido</span> <span class='ocrx_word' id='word_1_153' title='bbox 774 1547 921 1602; x_wconf 84' lang='lat' dir='ltr'>lingua</span> <span class='ocrx_word' id='word_1_154' title='bbox 945 1554 1107 1588; x_wconf 85' lang='lat' dir='ltr'>retenta</span> <span class='ocrx_word' id='word_1_155' title='bbox 1131 1555 1259 1587; x_wconf 87' lang='lat' dir='ltr'>metu.</span> 
     </span>
     <span class='ocr_line' id='line_1_25' title="bbox 312 1600 1569 1658; baseline 0.002 -16"><span class='ocrx_word' id='word_1_156' title='bbox 312 1600 481 1654; x_wconf 86' lang='lat' dir='ltr'>iamque</span> <span class='ocrx_word' id='word_1_157' title='bbox 506 1601 595 1643; x_wconf 88' lang='lat' dir='ltr'>dari</span> <span class='ocrx_word' id='word_1_158' title='bbox 620 1617 797 1657; x_wconf 83' lang='lat' dir='ltr'>parvum</span> <span class='ocrx_word' id='word_1_159' title='bbox 825 1603 1084 1656; x_wconf 83' lang='lat' dir='ltr'>canibusque</span> <span class='ocrx_word' id='word_1_160' title='bbox 1110 1603 1345 1657; x_wconf 87' lang='lat' dir='ltr'>avibusque</span> <span class='ocrx_word' id='word_1_161' title='bbox 1370 1610 1569 1658; x_wconf 90' lang='lat' dir='ltr'>nepotem</span> 
     </span>
     <span class='ocr_line' id='line_1_26' title="bbox 370 1658 1186 1714; baseline 0.003 -15"><span class='ocrx_word' id='word_1_162' title='bbox 370 1658 568 1708; x_wconf 85' lang='lat' dir='ltr'>iusserat,</span> <span class='ocrx_word' id='word_1_163' title='bbox 592 1659 636 1700; x_wconf 92' lang='lat' dir='ltr'>in</span> <span class='ocrx_word' id='word_1_164' title='bbox 662 1659 759 1700; x_wconf 87' lang='lat' dir='ltr'>solis</span> <span class='ocrx_word' id='word_1_165' title='bbox 786 1660 1039 1714; x_wconf 83' lang='lat' dir='ltr'>destituique</span> <span class='ocrx_word' id='word_1_166' title='bbox 1064 1659 1186 1701; x_wconf 83' lang='lat' dir='ltr'>locis!</span> 
     </span>
    </p>

    <p class='ocr_par' dir='ltr' id='par_1_3' title="bbox 245 1715 1426 1984">
     <span class='ocr_line' id='line_1_27' title="bbox 245 1715 1426 1771; baseline 0.003 -16"><span class='ocrx_word' id='word_1_167' title='bbox 245 1725 286 1756; x_wconf 85' lang='lat'>85</span> <span class='ocrx_word' id='word_1_168' title='bbox 312 1715 480 1770; x_wconf 83' lang='lat' dir='ltr'>vagitus</span> <span class='ocrx_word' id='word_1_169' title='bbox 506 1715 622 1757; x_wconf 87' lang='lat' dir='ltr'>dedit</span> <span class='ocrx_word' id='word_1_170' title='bbox 645 1716 715 1759; x_wconf 90' lang='lat' dir='ltr'>ille</span> <span class='ocrx_word' id='word_1_171' title='bbox 740 1717 866 1758; x_wconf 90' lang='lat' dir='ltr'>miser</span> <span class='ocrx_word' id='word_1_172' title='bbox 889 1741 946 1746; x_wconf 90' lang='lat'>—</span> <span class='ocrx_word' id='word_1_173' title='bbox 970 1716 1149 1758; x_wconf 80' lang='lat' dir='ltr'>sensisse</span> <span class='ocrx_word' id='word_1_174' title='bbox 1174 1723 1345 1771; x_wconf 82' lang='lat' dir='ltr'>putares</span> <span class='ocrx_word' id='word_1_175' title='bbox 1369 1741 1426 1747; x_wconf 86' lang='grc'>--</span> 
     </span>
     <span class='ocr_line' id='line_1_28' title="bbox 369 1774 1372 1829; baseline 0.002 -17"><span class='ocrx_word' id='word_1_176' title='bbox 369 1785 538 1825; x_wconf 84' lang='lat' dir='ltr'>quaque</span> <span class='ocrx_word' id='word_1_177' title='bbox 563 1787 688 1814; x_wconf 90' lang='lat' dir='ltr'>suum</span> <span class='ocrx_word' id='word_1_178' title='bbox 713 1781 877 1829; x_wconf 85' lang='lat' dir='ltr'>poterat</span> <span class='ocrx_word' id='word_1_179' title='bbox 900 1788 1003 1815; x_wconf 85' lang='lat' dir='ltr'>voce</span> <span class='ocrx_word' id='word_1_180' title='bbox 1029 1774 1206 1829; x_wconf 80' lang='lat' dir='ltr'>iogabat</span> <span class='ocrx_word' id='word_1_181' title='bbox 1232 1789 1372 1814; x_wconf 85' lang='lat' dir='ltr'>av.um</span> 
     </span>
     <span class='ocr_line' id='line_1_29' title="bbox 313 1828 1406 1885; baseline 0.003 -17"><span class='ocrx_word' id='word_1_182' title='bbox 313 1828 416 1881; x_wconf 89' lang='lat' dir='ltr'>quid</span> <span class='ocrx_word' id='word_1_183' title='bbox 440 1828 543 1869; x_wconf 87' lang='lat' dir='ltr'>mihi</span> <span class='ocrx_word' id='word_1_184' title='bbox 567 1837 668 1871; x_wconf 81' lang='lat' dir='ltr'>tunc</span> <span class='ocrx_word' id='word_1_185' title='bbox 694 1831 822 1871; x_wconf 87' lang='lat' dir='ltr'>animi</span> <span class='ocrx_word' id='word_1_186' title='bbox 848 1831 1003 1878; x_wconf 83' lang='lat' dir='ltr'>credis,</span> <span class='ocrx_word' id='word_1_187' title='bbox 1029 1846 1250 1885; x_wconf 81' lang='lat' dir='ltr'>germane,</span> <span class='ocrx_word' id='word_1_188' title='bbox 1276 1830 1406 1871; x_wconf 90' lang='lat' dir='ltr'>fuisse</span> 
     </span>
     <span class='ocr_line' id='line_1_30' title="bbox 369 1884 1342 1941; baseline 0.002 -16"><span class='ocrx_word' id='word_1_189' title='bbox 369 1884 487 1938; x_wconf 80' lang='lat' dir='ltr'>(nam</span> <span class='ocrx_word' id='word_1_190' title='bbox 512 1893 632 1940; x_wconf 87' lang='lat' dir='ltr'>potes</span> <span class='ocrx_word' id='word_1_191' title='bbox 657 1901 709 1928; x_wconf 81' lang='lat' dir='ltr'>ex</span> <span class='ocrx_word' id='word_1_192' title='bbox 735 1887 874 1928; x_wconf 88' lang='lat' dir='ltr'>animo</span> <span class='ocrx_word' id='word_1_193' title='bbox 900 1887 1131 1940; x_wconf 78' lang='lat' dir='ltr'>colliger‘e</span> <span class='ocrx_word' id='word_1_194' title='bbox 1121 1902 1210 1941; x_wconf 80' lang='lat' dir='ltr'>lpse</span> <span class='ocrx_word' id='word_1_195' title='bbox 1236 1887 1342 1940; x_wconf 78' lang='lat' dir='ltr'>tuo),</span> 
     </span>
     <span class='ocr_line' id='line_1_31' title="bbox 313 1943 1358 1984; baseline 0.002 -3"><span class='ocrx_word' id='word_1_196' title='bbox 313 1955 408 1982; x_wconf 88' lang='lat' dir='ltr'>cum</span> <span class='ocrx_word' id='word_1_197' title='bbox 434 1957 529 1983; x_wconf 86' lang='lat' dir='ltr'>mea</span> <span class='ocrx_word' id='word_1_198' title='bbox 553 1957 620 1984; x_wconf 90' lang='lat' dir='ltr'>me</span> <span class='ocrx_word' id='word_1_199' title='bbox 646 1957 787 1984; x_wconf 85' lang='lat' dir='ltr'>coram</span> <span class='ocrx_word' id='word_1_200' title='bbox 813 1944 890 1984; x_wconf 87' lang='lat' dir='ltr'>silv</span> <span class='ocrx_word' id='word_1_201' title='bbox 894 1959 938 1984; x_wconf 89' lang='lat' dir='ltr'>as</span> <span class='ocrx_word' id='word_1_202' title='bbox 964 1943 1159 1984; x_wconf 89' lang='lat' dir='ltr'>inimicus</span> <span class='ocrx_word' id='word_1_203' title='bbox 1185 1943 1228 1983; x_wconf 92' lang='lat' dir='ltr'>in</span> <span class='ocrx_word' id='word_1_204' title='bbox 1253 1944 1358 1984; x_wconf 86' lang='lat' dir='ltr'>altas</span> 
     </span>
    </p>

    <p class='ocr_par' dir='ltr' id='par_1_4' title="bbox 221 1998 1588 2794">
     <span class='ocr_line' id='line_1_32' title="bbox 243 1998 1264 2054; baseline 0.002 -16"><span class='ocrx_word' id='word_1_205' title='bbox 243 2009 286 2039; x_wconf 84' lang='lat'>90</span> <span class='ocrx_word' id='word_1_206' title='bbox 368 1998 531 2040; x_wconf 86' lang='lat' dir='ltr'>viscera</span> <span class='ocrx_word' id='word_1_207' title='bbox 554 2001 763 2041; x_wconf 85' lang='lat' dir='ltr'>montanis</span> <span class='ocrx_word' id='word_1_208' title='bbox 788 2000 916 2041; x_wconf 69' lang='lat' dir='ltr'>fellet</span> <span class='ocrx_word' id='word_1_209' title='bbox 941 2000 1104 2041; x_wconf 85' lang='lat' dir='ltr'>edenda</span> <span class='ocrx_word' id='word_1_210' title='bbox 1128 2000 1264 2054; x_wconf 85' lang='lat' dir='ltr'>lupis?</span> 
     </span>
     <span class='ocr_line' id='line_1_33' title="bbox 313 2055 1416 2112; baseline 0.001 -16"><span class='ocrx_word' id='word_1_211' title='bbox 313 2055 471 2096; x_wconf 86' lang='lat' dir='ltr'>exierat</span> <span class='ocrx_word' id='word_1_212' title='bbox 495 2055 694 2097; x_wconf 83' lang='lat' dir='ltr'>thalamo.</span> <span class='ocrx_word' id='word_1_213' title='bbox 754 2064 854 2098; x_wconf 83' lang='lat' dir='ltr'>tunc</span> <span class='ocrx_word' id='word_1_214' title='bbox 879 2057 1050 2098; x_wconf 88' lang='lat' dir='ltr'>demum</span> <span class='ocrx_word' id='word_1_215' title='bbox 1075 2065 1246 2111; x_wconf 77' lang='lat' dir='ltr'>pectola</span> <span class='ocrx_word' id='word_1_216' title='bbox 1271 2057 1416 2112; x_wconf 78' lang='lat' dir='ltr'>plangi</span> 
     </span>
     <span class='ocr_line' id='line_1_34' title="bbox 369 2112 1331 2178; baseline 0.002 -26"><span class='ocrx_word' id='word_1_217' title='bbox 369 2112 545 2167; x_wconf 81' lang='lat' dir='ltr'>contigit</span> <span class='ocrx_word' id='word_1_218' title='bbox 568 2113 695 2178; x_wconf 80' lang='lat' dir='ltr'>inque</span> <span class='ocrx_word' id='word_1_219' title='bbox 719 2129 836 2155; x_wconf 85' lang='lat' dir='ltr'>meas</span> <span class='ocrx_word' id='word_1_220' title='bbox 861 2113 1111 2168; x_wconf 84' lang='lat' dir='ltr'>unguibus</span> <span class='ocrx_word' id='word_1_221' title='bbox 1101 2129 1160 2154; x_wconf 90' lang='lat' dir='ltr'>11e</span> <span class='ocrx_word' id='word_1_222' title='bbox 1186 2129 1331 2169; x_wconf 81' lang='lat' dir='ltr'>genas.</span> 
     </span>
     <span class='ocr_line' id='line_1_35' title="bbox 310 2168 1228 2224; baseline 0.003 -16"><span class='ocrx_word' id='word_1_223' title='bbox 310 2168 471 2210; x_wconf 84' lang='lat' dir='ltr'>interea</span> <span class='ocrx_word' id='word_1_224' title='bbox 494 2169 655 2224; x_wconf 84' lang='lat' dir='ltr'>patrius</span> <span class='ocrx_word' id='word_1_225' title='bbox 680 2171 800 2211; x_wconf 85' lang='lat' dir='ltr'>vultu</span> <span class='ocrx_word' id='word_1_226' title='bbox 825 2178 1037 2212; x_wconf 87' lang='lat' dir='ltr'>maerente</span> <span class='ocrx_word' id='word_1_227' title='bbox 1063 2171 1228 2212; x_wconf 86' lang='lat' dir='ltr'>satelles</span> 
     </span>
     <span class='ocr_line' id='line_1_36' title="bbox 369 2225 1190 2283; baseline 0.004 -18"><span class='ocrx_word' id='word_1_228' title='bbox 369 2225 483 2266; x_wconf 86' lang='lat' dir='ltr'>venit</span> <span class='ocrx_word' id='word_1_229' title='bbox 508 2233 549 2267; x_wconf 88' lang='lat' dir='ltr'>et</span> <span class='ocrx_word' id='word_1_230' title='bbox 572 2226 768 2283; x_wconf 83' lang='lat' dir='ltr'>indignos</span> <span class='ocrx_word' id='word_1_231' title='bbox 795 2227 924 2269; x_wconf 86' lang='lat' dir='ltr'>edidit</span> <span class='ocrx_word' id='word_1_232' title='bbox 949 2242 1020 2268; x_wconf 90' lang='lat' dir='ltr'>ore</span> <span class='ocrx_word' id='word_1_233' title='bbox 1046 2242 1190 2268; x_wconf 90' lang='lat' dir='ltr'>sonos:</span> 
     </span>
     <span class='ocr_line' id='line_1_37' title="bbox 244 2282 1588 2327; baseline 0.001 -3"><span class='ocrx_word' id='word_1_234' title='bbox 244 2293 285 2324; x_wconf 87' lang='lat'>95</span> <span class='ocrx_word' id='word_1_235' title='bbox 312 2282 487 2323; x_wconf 83' lang='lat' dir='ltr'>‘Aeolus</span> <span class='ocrx_word' id='word_1_236' title='bbox 512 2282 625 2325; x_wconf 84' lang='lat' dir='ltr'>hunc</span> <span class='ocrx_word' id='word_1_237' title='bbox 650 2299 793 2326; x_wconf 90' lang='lat' dir='ltr'>ensem</span> <span class='ocrx_word' id='word_1_238' title='bbox 818 2284 943 2325; x_wconf 83' lang='lat' dir='ltr'>mittit</span> <span class='ocrx_word' id='word_1_239' title='bbox 967 2284 1062 2325; x_wconf 87' lang='lat' dir='ltr'>tibi&#39;</span> <span class='ocrx_word' id='word_1_240' title='bbox 1086 2308 1144 2313; x_wconf 90' lang='lat'><strong>—</strong></span> <span class='ocrx_word' id='word_1_241' title='bbox 1168 2284 1340 2326; x_wconf 86' lang='lat' dir='ltr'>tradidit</span> <span class='ocrx_word' id='word_1_242' title='bbox 1365 2300 1507 2327; x_wconf 88' lang='lat' dir='ltr'>ensem</span> <span class='ocrx_word' id='word_1_243' title='bbox 1531 2309 1588 2315; x_wconf 90' lang='lat'>—</span> 
     </span>
     <span class='ocr_line' id='line_1_38' title="bbox 368 2339 1354 2394; baseline 0.001 -14.021"><span class='ocrx_word' id='word_1_244' title='bbox 368 2344 429 2380; x_wconf 89' lang='lat' dir='ltr'>‘et</span> <span class='ocrx_word' id='word_1_245' title='bbox 452 2339 569 2381; x_wconf 88' lang='lat' dir='ltr'>iubet</span> <span class='ocrx_word' id='word_1_246' title='bbox 595 2355 647 2382; x_wconf 86' lang='lat' dir='ltr'>ex</span> <span class='ocrx_word' id='word_1_247' title='bbox 670 2341 819 2383; x_wconf 89' lang='lat' dir='ltr'>merito</span> <span class='ocrx_word' id='word_1_248' title='bbox 845 2341 969 2389; x_wconf 70' lang='lat' dir='ltr'>sciis,</span> <span class='ocrx_word' id='word_1_249' title='bbox 995 2341 1098 2394; x_wconf 88' lang='lat' dir='ltr'>quid</span> <span class='ocrx_word' id='word_1_250' title='bbox 1122 2341 1201 2382; x_wconf 82' lang='lat' dir='ltr'>iste</span> <span class='ocrx_word' id='word_1_251' title='bbox 1226 2341 1354 2383; x_wconf 62' lang='lat' dir='ltr'>velit?</span> 
     </span>
     <span class='ocr_line' id='line_1_39' title="bbox 311 2395 1264 2440; baseline 0.004 -5"><span class='ocrx_word' id='word_1_252' title='bbox 311 2395 466 2437; x_wconf 88' lang='lat' dir='ltr'>scimus</span> <span class='ocrx_word' id='word_1_253' title='bbox 492 2403 534 2437; x_wconf 83' lang='lat' dir='ltr'>et</span> <span class='ocrx_word' id='word_1_254' title='bbox 558 2405 727 2439; x_wconf 88' lang='lat' dir='ltr'>utemur</span> <span class='ocrx_word' id='word_1_255' title='bbox 750 2398 933 2439; x_wconf 87' lang='lat' dir='ltr'>violento</span> <span class='ocrx_word' id='word_1_256' title='bbox 958 2398 1121 2440; x_wconf 87' lang='lat' dir='ltr'>fortiter</span> <span class='ocrx_word' id='word_1_257' title='bbox 1147 2413 1264 2439; x_wconf 88' lang='lat' dir='ltr'>ense:</span> 
     </span>
     <span class='ocr_line' id='line_1_40' title="bbox 367 2453 1289 2510; baseline -0.002 -16"><span class='ocrx_word' id='word_1_258' title='bbox 367 2453 607 2507; x_wconf 87' lang='lat' dir='ltr'>pectoribus</span> <span class='ocrx_word' id='word_1_259' title='bbox 633 2455 813 2496; x_wconf 87' lang='lat' dir='ltr'>condam</span> <span class='ocrx_word' id='word_1_260' title='bbox 838 2455 949 2496; x_wconf 86' lang='lat' dir='ltr'>dona</span> <span class='ocrx_word' id='word_1_261' title='bbox 972 2462 1148 2510; x_wconf 85' lang='lat' dir='ltr'>paterna</span> <span class='ocrx_word' id='word_1_262' title='bbox 1171 2455 1289 2496; x_wconf 77' lang='lat' dir='ltr'>meis.</span> 
     </span>
     <span class='ocr_line' id='line_1_41' title="bbox 309 2507 1371 2567; baseline 0.004 -18"><span class='ocrx_word' id='word_1_263' title='bbox 309 2507 374 2549; x_wconf 91' lang='lat' dir='ltr'>his</span> <span class='ocrx_word' id='word_1_264' title='bbox 399 2524 493 2551; x_wconf 84' lang='lat' dir='ltr'>mea</span> <span class='ocrx_word' id='word_1_265' title='bbox 517 2512 781 2561; x_wconf 89' lang='lat' dir='ltr'>muneribus,</span> <span class='ocrx_word' id='word_1_266' title='bbox 806 2512 983 2567; x_wconf 85' lang='lat' dir='ltr'>genitor,</span> <span class='ocrx_word' id='word_1_267' title='bbox 1009 2511 1190 2553; x_wconf 88' lang='lat' dir='ltr'>conubia</span> <span class='ocrx_word' id='word_1_268' title='bbox 1214 2512 1371 2553; x_wconf 84' lang='lat' dir='ltr'>donas?</span> 
     </span>
     <span class='ocr_line' id='line_1_42' title="bbox 221 2565 1222 2624; baseline 0 -15"><span class='ocrx_word' id='word_1_269' title='bbox 221 2579 285 2610; x_wconf 91' lang='lat'>100</span> <span class='ocrx_word' id='word_1_270' title='bbox 368 2565 446 2608; x_wconf 88' lang='lat' dir='ltr'>hae</span> <span class='ocrx_word' id='word_1_271' title='bbox 470 2573 543 2608; x_wconf 89' lang='lat' dir='ltr'>tua</span> <span class='ocrx_word' id='word_1_272' title='bbox 568 2568 683 2619; x_wconf 88' lang='lat' dir='ltr'>dote,</span> <span class='ocrx_word' id='word_1_273' title='bbox 708 2576 842 2624; x_wconf 87' lang='lat' dir='ltr'>pater,</span> <span class='ocrx_word' id='word_1_274' title='bbox 866 2569 952 2610; x_wconf 86' lang='lat' dir='ltr'>filia</span> <span class='ocrx_word' id='word_1_275' title='bbox 977 2569 1046 2610; x_wconf 85' lang='lat' dir='ltr'>div</span> <span class='ocrx_word' id='word_1_276' title='bbox 1050 2584 1093 2610; x_wconf 90' lang='lat' dir='ltr'>es</span> <span class='ocrx_word' id='word_1_277' title='bbox 1120 2569 1222 2609; x_wconf 84' lang='lat' dir='ltr'>erit?</span> 
     </span>
     <span class='ocr_line' id='line_1_43' title="bbox 310 2622 1472 2681; baseline 0.002 -17"><span class='ocrx_word' id='word_1_278' title='bbox 310 2622 408 2664; x_wconf 88' lang='lat' dir='ltr'>tolle</span> <span class='ocrx_word' id='word_1_279' title='bbox 432 2625 599 2677; x_wconf 88' lang='lat' dir='ltr'>procul,</span> <span class='ocrx_word' id='word_1_280' title='bbox 625 2626 819 2681; x_wconf 88' lang='lat' dir='ltr'>decepte,</span> <span class='ocrx_word' id='word_1_281' title='bbox 845 2626 979 2675; x_wconf 87' lang='lat' dir='ltr'>faces,</span> <span class='ocrx_word' id='word_1_282' title='bbox 1004 2626 1274 2680; x_wconf 87' lang='lat' dir='ltr'>Hymenaee,</span> <span class='ocrx_word' id='word_1_283' title='bbox 1299 2624 1472 2666; x_wconf 80' lang='lat' dir='ltr'>maritas</span> 
     </span>
     <span class='ocr_line' id='line_1_44' title="bbox 367 2679 1220 2737; baseline 0.004 -16"><span class='ocrx_word' id='word_1_284' title='bbox 367 2686 408 2721; x_wconf 89' lang='lat' dir='ltr'>et</span> <span class='ocrx_word' id='word_1_285' title='bbox 432 2679 534 2734; x_wconf 81' lang='lat' dir='ltr'>fuge</span> <span class='ocrx_word' id='word_1_286' title='bbox 559 2683 727 2724; x_wconf 82' lang='lat' dir='ltr'>turbato</span> <span class='ocrx_word' id='word_1_287' title='bbox 754 2690 865 2724; x_wconf 85' lang='lat' dir='ltr'>tecta</span> <span class='ocrx_word' id='word_1_288' title='bbox 888 2682 1072 2724; x_wconf 82' lang='lat' dir='ltr'>nefanda</span> <span class='ocrx_word' id='word_1_289' title='bbox 1097 2682 1220 2737; x_wconf 74' lang='lat' dir='ltr'>pede!</span> 
     </span>
     <span class='ocr_line' id='line_1_45' title="bbox 309 2736 1388 2794; baseline 0.002 -17"><span class='ocrx_word' id='word_1_290' title='bbox 309 2736 414 2778; x_wconf 88' lang='lat' dir='ltr'>ferte</span> <span class='ocrx_word' id='word_1_291' title='bbox 440 2736 589 2779; x_wconf 88' lang='lat' dir='ltr'>faces</span> <span class='ocrx_word' id='word_1_292' title='bbox 578 2754 620 2779; x_wconf 91' lang='lat' dir='ltr'>1n</span> <span class='ocrx_word' id='word_1_293' title='bbox 646 2754 733 2789; x_wconf 88' lang='lat' dir='ltr'>me,</span> <span class='ocrx_word' id='word_1_294' title='bbox 759 2754 865 2792; x_wconf 85' lang='lat' dir='ltr'>quas</span> <span class='ocrx_word' id='word_1_295' title='bbox 890 2739 1027 2788; x_wconf 85' lang='lat' dir='ltr'>sertis,</span> <span class='ocrx_word' id='word_1_296' title='bbox 1054 2738 1234 2794; x_wconf 83' lang='lat' dir='ltr'>Erinyes</span> <span class='ocrx_word' id='word_1_297' title='bbox 1260 2746 1388 2788; x_wconf 86' lang='lat' dir='ltr'>atrae,</span> 
     </span>
    </p>
   </div>
  </div>
 </body>
</html>
