1831 3168
394 271 449 314 30
849 280 891 314 P.
919 279 1064 316 OVIDI
1089 278 1305 315 NASONIS

324 376 368 406 30
451 370 534 402 tam
562 361 765 416 premitur
789 375 943 416 magno
969 360 1147 415 coniuge
1174 370 1304 416 nupta
1329 361 1475 403 minor.

393 433 477 459 non
504 417 636 459 honor
661 426 742 466 cst,
769 417 844 459 sed
868 431 974 459 onus
1001 417 1160 472 species
1186 418 1353 459 laesura
1377 418 1561 460 ferentis.

449 474 570 527 siqua
595 473 710 515 voles
735 482 832 528 apte
858 474 1036 524 nubere,
1062 474 1174 515 nube
1200 474 1302 529 pari.

393 531 456 571 vir
481 530 581 570 mihi
607 545 773 585 semper
797 530 934 579 abest,
961 538 1001 572 et
1026 531 1204 585 coniuge
1229 531 1366 572 notior
1390 530 1556 586 hospes,

450 594 719 640 monstraque
745 587 950 629 terribiles
975 587 1323 642 persequiturque
1348 587 1471 629 feras.

322 658 365 688 35
392 643 483 698 ipsa
508 643 632 684 domo
660 643 786 684 vidua
811 644 919 685 votis
944 651 1116 698 operata
1140 644 1303 699 pudicis

448 707 659 754 torqueor,
684 699 837 742 infesto
862 715 914 742 ne
940 701 1003 741 vir
1028 700 1082 741 ab
1107 700 1225 742 hoste
1252 701 1386 742 cadat.

390 756 498 798 inter
522 764 735 812 serpentes
761 771 969 812 aprosque
995 757 1224 811 avidosque
1251 757 1391 799 leones

448 814 579 854 iactor
604 822 645 854 et
669 813 870 855 haesuros
897 823 1015 855 terna
1038 829 1114 869 per
1139 829 1212 855 ora
1237 828 1375 856 canes.

381 885 457 911 -me
483 870 693 925 pecudum
719 871 848 912 fibrae
873 871 1179 925 simulacraque
1205 871 1346 912 inania
1372 871 1508 913 somni

320 943 366 972 41)
449 927 673 980 ominaque
700 941 852 968 arcana
877 936 998 969 nocte
1025 928 1155 982 petita
1179 936 1362 969 movent.

392 998 580 1039 aucupor
605 984 751 1025 infelix
775 984 957 1026 incertae
983 999 1199 1025 murmura
1224 984 1375 1032 famae,

449 1054 606 1094 speque
632 1040 755 1081 timor
780 1041 928 1090 dubia,
954 1055 1132 1096 spesque
1158 1040 1305 1082 timore
1332 1040 1455 1082 cadit.

392 1106 526 1138 mater
550 1097 669 1139 abest
694 1097 967 1151 queriturque
993 1097 1071 1139 deo
1097 1096 1305 1152 placuisse
1330 1097 1509 1151 potenti:

449 1167 526 1195 nec
551 1161 670 1208 pater
695 1153 923 1208 Amphitr)
927 1168 1000 1202 on,
1027 1169 1104 1196 nec
1130 1169 1236 1209 puer
1260 1155 1331 1208 H>
1336 1154 1416 1195 llus
1442 1154 1574 1196 adest.

322 1224 365 1253 45
392 1209 547 1251 arbiter
571 1209 873 1265 Eurystheus
864 1226 950 1252 11·ae
977 1186 1185 1251 sunonis
1175 1211 1344 1265 iniquae

449 1266 627 1308 sentitur
651 1267 792 1316 nobis,
818 1268 962 1321 ilaque
988 1267 1115 1322 longa
1140 1267 1256 1309 deae.

392 1322 496 1365 haec
522 1323 623 1364 mihi
648 1324 757 1366 ferre
782 1325 956 1379 parum?
1004 1324 1247 1379 peregrinos
1274 1324 1393 1366 addis
1420 1338 1597 1373 amores,

448 1387 490 1421 et
514 1387 648 1421 mater
672 1381 723 1422 de
749 1388 789 1422 te
814 1381 1027 1434 quaelibet
1051 1396 1142 1423 esse
1167 1388 1317 1435 potest.

391 1451 476 1478 non
501 1451 580 1491 ego
605 1437 844 1479 Partheniis
871 1446 1117 1479 temeratam
1143 1437 1322 1479 vallibus
1348 1437 1506 1493 Augen

318 1507 365 1537 50
446 1507 525 1535 nec
525 1472 729 1535 “referam
753 1502 917 1550 paitus,
945 1492 1122 1536 Ormeni
1147 1509 1202 1548 n)
1208 1494 1355 1549 mpha,
1380 1503 1494 1544 tuos3

390 1564 475 1591 non
499 1549 575 1590 tibi
601 1550 758 1592 crimen
784 1559 903 1592 erunt
930 1551 1208 1592 Teuthrantia
1232 1551 1356 1592 turba
1381 1565 1559 1600 sorores,

449 1621 628 1660 quarum
653 1607 704 1649 de
729 1607 887 1662 populo
912 1607 1027 1648 nulla
1051 1607 1196 1649 relicta
1221 1607 1297 1648 tibi
1322 1615 1397 1649 est.

390 1677 495 1712 una,
520 1677 666 1705 recens
692 1663 870 1713 crimen,
896 1663 1101 1705 referetur
1125 1663 1314 1706 adultera
1339 1663 1473 1713 nobis,

447 1719 560 1761 unde
586 1734 665 1775 ego
692 1735 785 1762 sum
811 1720 936 1775 Lydo
962 1720 1074 1762 facta
1099 1734 1281 1762 noverca
1306 1720 1456 1762 Lamo.

319 1790 365 1820 55
391 1776 669 1826 Maeandros,
695 1776 815 1819 terris
841 1777 992 1819 totiens
1024 1784 1183 1819 errator
1206 1777 1249 1818 in
1273 1777 1420 1825 isdem,

447 1833 519 1885 qui
544 1833 676 1874 lassas
701 1834 744 1874 in
769 1849 813 1875 se
839 1849 964 1889 saepe
991 1841 1204 1888 retorquet
1229 1848 1373 1887 aquas,

391 1889 496 1930 vidit
520 1889 563 1930 in
588 1890 802 1932 Herculeo
828 1905 1033 1945 suspensa
1058 1890 1229 1931 monilia
1254 1891 1376 1932 collo:

448 1945 538 1995 illo,
565 1946 632 1987 cui
658 1946 820 1988 caelum
846 1947 1010 1987 sarcina
1034 1962 1165 2001 parva
1189 1946 1287 1987 suit!

391 2016 475 2043 non
499 2002 650 2056 puduit
674 2002 793 2044 fortis
820 2017 921 2044 auro
947 2003 1141 2045 cohibere
1166 2003 1343 2044 lacertos

320 2073 366 2104 60
449 2066 490 2100 et
514 2059 656 2100 solidis
681 2074 872 2114 gemmas
898 2059 1143 2114 opposuisse
1169 2059 1282 2100 toris.

390 2130 542 2170 nempe
568 2116 646 2156 sub
671 2115 735 2157 his
762 2116 945 2157 animam
971 2116 1098 2171 pestis
1124 2116 1337 2158 Nemeaea
1361 2116 1527 2158 lacertis

448 2172 596 2221 edidit,
622 2173 734 2214 unde
760 2188 930 2214 umerus
956 2173 1142 2228 tegmina
1165 2173 1310 2214 laevus
1337 2173 1488 2215 habet?

391 2244 518 2270 ausus
544 2244 587 2271 es
613 2228 795 2271 hirsutos
819 2229 942 2271 mitra
967 2229 1161 2271 redimire
1188 2229 1372 2285 capillos.

447 2285 584 2340 aptior
608 2286 845 2328 Herculeae
870 2287 1049 2341 populus
1076 2286 1172 2328 alba
1197 2301 1355 2328 comae.

320 2357 363 2387 67>
390 2356 467 2383 nec
492 2351 532 2384 te
559 2342 758 2384 Maeonia
782 2343 964 2385 lascivae
990 2357 1104 2384 more
1130 2343 1295 2398 puellae

446 2399 604 2454 incingi
629 2414 736 2441 zona
762 2399 1007 2441 dedecuisse
1033 2400 1180 2455 putes?

389 2470 472 2496 non
498 2455 573 2497 tibi
599 2456 805 2498 succurrit
830 2456 946 2498 crudi
973 2456 1228 2498 Diomedis
1219 2471 1373 2512 1mago‚

447 2511 600 2554 efferus
626 2512 812 2555 humana
837 2513 909 2567 qui
934 2513 1042 2568 dape
1067 2513 1182 2578 pavit
1208 2513 1363 2567 equas?

390 2568 424 2608 si
451 2577 491 2609 te
517 2569 688 2611 vidisset
714 2570 830 2611 cultu
854 2569 1053 2611 Busilis
1043 2586 1086 2611 111
1111 2569 1204 2618 isto,

322 2640 365 2669 τι)
447 2624 544 2666 huic
570 2626 702 2667 victor
727 2627 836 2668 victo
861 2642 1012 2682 nempe
1037 2626 1259 2682 pudendus
1285 2625 1396 2668 eras!

390 2680 583 2722 detrahat
609 2683 801 2724 Antaeus
827 2683 932 2724 duro
958 2683 1204 2724 redimicula
1229 2683 1348 2732 collo,

446 2752 498 2778 nc
524 2738 666 2793 pigeat
690 2740 804 2780 molli
829 2739 1107 2781 subcubuisse
1134 2739 1235 2780 viro.

389 2793 497 2835 inter
522 2794 712 2836 Ioniacas
739 2795 950 2837 calathum
977 2796 1158 2838 tenuisse
1183 2794 1344 2850 puellas
