1831 3168
282 235 433 272 ARTIS
459 235 763 271 AMATORIAE
789 235 883 269 LIB.
912 234 940 268 1.
967 234 1160 269 694—712.
1189 233 1235 266 ΙΙ.
1264 234 1362 268 1-5,
1427 223 1508 265 159

195 325 239 359 111
267 319 338 373 qui
364 327 403 360 te
430 318 589 367 videat,
616 317 752 359 dicere
779 317 909 372 possit
935 316 1097 357 ‘amas.'
1123 340 1180 345 ——

136 391 384 430 conquerar,
411 391 463 415 an
490 389 703 424 moneam,
729 375 905 415 mixtum
933 373 995 413 fas
1021 387 1143 414 omne
1169 371 1398 426 nefasque?

195 447 347 474 nomen
373 432 556 473 amicitia
582 440 662 480 est,
690 446 841 472 nomen
868 431 990 471 inane
1016 430 1132 471 fides.
1536 442 1601 473 740

137 491 175 532 ei
202 489 322 538 mihi,
347 503 432 530 non
458 497 594 529 tutum
621 496 703 537 est,
729 488 842 541 quod
869 502 1002 535 ames,
1028 486 1199 528 laudare
1226 486 1376 527 sodali!

196 561 289 587 eum
318 546 392 587 tibi
418 545 605 587 laudanti
632 545 826 601 eredidit,
853 545 942 599 ipse
969 544 1092 584 subit.

137 611 179 645 at
205 618 290 644 non
315 603 539 644 Actorides
565 603 720 643 lectum
747 601 962 643 temeravit
989 600 1188 641 Achillis:

195 668 400 714 quantum
427 660 479 700 ad
505 659 763 707 Pirithoum,
789 657 983 699 Phaedra
1009 657 1162 711 pudiea
1187 656 1279 697 fuit.

143 717 415 759 Hermionam
441 716 626 771 Pylades
651 730 735 769 quo
762 714 938 755 Pallada
963 713 1164 754 Phoebus
1192 713 1374 761 amabat,
1538 726 1601 756 745

196 774 394 828 quodque
421 774 495 814 tibi
521 773 737 828 geminus,
764 771 972 826 Tyndari,
1001 768 1166 818 Castor,
1194 779 1293 811 erat.

139 830 269 884 siquis
295 831 407 872 idem
434 838 592 885 sperat,
619 830 774 870 laturas
801 843 925 883 poma
951 827 1131 881 myricas

197 895 354 942 speret,
381 895 419 928 et
447 902 469 929 e
496 887 633 928 medio
659 885 829 927 flumine
854 884 979 926 mella
1003 895 1131 938 petat.

138 944 196 985 nil
222 944 301 985 nisi
326 953 447 999 turpe
473 944 609 992 iuvat,
636 958 760 984 curae
786 957 862 983 sua
888 941 1039 994 cuique
1065 941 1279 994 voluptas:

195 1001 298 1043 haee
325 1015 492 1055 quoque
519 1001 572 1041 ab
598 1000 767 1041 alterius
792 1006 912 1054 grata
938 998 1079 1038 dolore
1106 997 1233 1038 venit.
1538 1010 1603 1041 750

138 1057 221 1100 heu
246 1058 427 1100 facinus!
454 1072 537 1098 11011
564 1065 625 1099 est
651 1056 779 1097 hostis
805 1054 1055 1097 metuendus
1082 1054 1257 1095 amanti:

195 1130 301 1169 quos
329 1115 463 1156 credis
489 1115 614 1164 fidos,
641 1113 782 1168 effuge
792 1129 802 1162 ;
828 1120 943 1153 tutus
970 1111 1063 1153 eris.

138 1180 366 1227 cognatum
391 1171 647 1224 fratremque
674 1185 775 1212 eave
801 1183 1029 1223 earumque
1057 1168 1260 1209 sodalem:

195 1228 413 1283 praebebit
439 1243 560 1270 veros
586 1228 690 1269 haec
715 1227 791 1268 tibi
816 1226 939 1267 turba
964 1234 1114 1268 metus.
1140 1249 1197 1254 —-

127 1286 331 1327 finiturus
357 1301 484 1327 eram.
510 1310 566 1314 —
591 1284 666 1326 sed
691 1291 787 1325 sunt
813 1284 979 1325 diversa
1004 1283 1155 1339 puellis
1538 1296 1600 1325 755

193 1350 381 1397 pectora:
408 1342 521 1384 mille
547 1342 708 1383 animos
735 1341 881 1396 excipe
907 1341 1019 1382 mille
1045 1340 1193 1381 modis.

135 1415 214 1441 1160
240 1400 363 1441 tellus
389 1400 538 1441 eadem
561 1399 669 1454 parit
695 1399 846 1440 omnia.
907 1397 1063 1439 vitibus
1091 1397 1161 1438 illa

195 1456 408 1506 convenit,
434 1456 537 1498 haec
563 1456 683 1505 oleis3
710 1455 777 1497 1110
803 1456 909 1497 1)6116
936 1455 1047 1495 farra
1072 1454 1221 1495 virent.

137 1513 379 1569 pectoribus
404 1528 541 1554 mores
567 1520 626 1554 tot
654 1520 770 1561 sunt,
798 1519 898 1565 quot
924 1512 966 1552 111
992 1512 1092 1552 orbe
1119 1511 1299 1565 figurae:

195 1570 268 1624 qui
294 1570 419 1624 sapit,
445 1569 673 1611 innumeris
700 1569 886 1609 moribus
912 1576 1034 1623 aptus
1061 1568 1149 1616 erit,
1538 1581 1601 1612 760

137 1635 268 1680 utque
292 1626 407 1668 leves
432 1626 612 1668 Proteus
639 1625 765 1666 modo
791 1640 833 1666 se
860 1625 1049 1666 tenuabit
1074 1626 1116 1665 in
1143 1623 1291 1674 undas,

196 1698 307 1725 1111110
332 1683 416 1733 160,
442 1698 554 1724 1111110
580 1682 716 1731 arbor,
742 1696 854 1723 1111110
881 1682 957 1722 erit
984 1682 1116 1722 hirtus
1142 1696 1255 1737 aper.

138 1740 204 1782 1110
229 1740 365 1782 iaculo
391 1740 546 1795 pisces,
571 1740 642 1780 illa
667 1739 890 1794 capiuntur
915 1739 967 1779 ab
993 1739 1140 1788 hamis,

194 1797 270 1839 hos
297 1811 401 1839 cava
426 1805 623 1838 contento
648 1796 751 1838 retia
776 1795 876 1836 fune
902 1796 1085 1836 trahunt.

135 1869 213 1895 nee
239 1854 315 1895 tibi
341 1854 562 1895 conveniet
587 1861 760 1895 cunctos
787 1852 936 1893 modus
962 1868 1071 1893 unus
1098 1853 1151 1894 ad
1177 1868 1322 1894 annos.
1536 1867 1599 1897 765

193 1911 361 1966 longius
386 1910 559 1952 insidias
585 1925 708 1952 cerva
733 1909 892 1951 videbit
918 1925 1035 1950 anus.

136 1968 171 2009 si
197 1968 343 2009 doetus
369 1967 537 2009 videare
562 1967 657 2008 rudi
681 1967 929 2022 petulansve
954 1966 1143 2021 pudenti,

194 2025 358 2066 diffidet
382 2024 559 2066 miserae
584 2025 776 2079 protinus
801 2023 872 2064 illa
897 2023 990 2064 sibi.

134 2081 233 2123 inde
259 2081 325 2131 fit,
351 2089 398 2122 ut
422 2096 531 2135 quae
557 2096 601 2123 se
626 2081 766 2122 timuit
791 2081 1051 2122 committere
1077 2080 1267 2130 honesto,

193 2138 286 2179 vilis
311 2139 365 2179 ad
390 2138 610 2193 amplexus
636 2137 844 2179 inferioris
872 2145 950 2179 eat.
976 2162 1033 2167 —
1535 2151 1599 2181 770

136 2209 231 2250 pars
259 2202 429 2249 superat
454 2195 610 2249 coepti,
636 2210 732 2249 pars
760 2202 819 2236 est
847 2194 1051 2235 exhausta
1076 2193 1245 2234 laboris.

192 2251 261 2293 hic
285 2258 425 2293 teneat
450 2259 614 2293 nostras
640 2265 792 2292 ancora
817 2251 926 2291 iacta
950 2261 1071 2291 rates.

591 2429 743 2464 LIBER
770 2428 1045 2466 SECUNDUS.

134 2533 276 2575 Dicite
303 2533 362 2574 ‘io
387 2532 572 2575 Paeanl’
599 2541 640 2575 et
665 2533 742 2574 ‘io'
769 2533 832 2575 bis
859 2534 982 2575 dieite
1009 2533 1213 2575 ‘Paeanl'

192 2590 347 2632 decidit
371 2590 413 2631 in
439 2605 577 2631 casses
601 2590 758 2646 praeda
783 2591 911 2646 petita
936 2605 1065 2631 meos.

133 2647 268 2688 laetus
294 2662 438 2688 amans
465 2647 592 2688 donat
617 2647 740 2688 viridi
763 2662 858 2689 mea
882 2647 1067 2689 carmina
1092 2648 1233 2703 palma

190 2704 377 2758 praelata
406 2704 590 2745 Ascraeo
615 2703 901 2758 Maeonioque
927 2704 1029 2746 seni.

132 2760 228 2802 talis
258 2760 312 2802 ab
343 2760 548 2803 armiferis
573 2761 810 2804 Priameius
842 2761 993 2817 hospes
1020 2761 1213 2816 Amyclis
1529 2776 1551 2806 5
