1831 3168
517 246 710 282 HEROID
718 247 748 283 U
753 246 790 280 M
816 246 880 282 VI.
908 246 1076 282 72-159.

174 328 410 385 praeradiat
436 328 566 369 stellis
593 329 638 369 si<
629 344 714 384 rna
739 328 901 369 minora
927 328 1026 369 suis.

117 387 192 427 dos
219 386 294 426 tibi
321 386 507 426 Lemnos
534 385 629 433 erit,
629 366 767 426 e>·teira
791 384 1009 440 ingeniosa
1035 385 1199 426 colenti.

175 458 240 484 me
266 456 434 496 quoque
460 457 525 484 155
551 442 644 483 talis
669 442 777 483 inter
802 442 957 483 habere
982 449 1114 497 potes.

117 514 230 540 nunc
255 500 381 540 etiam
406 499 563 554 peperi.
623 507 790 554 gratare
817 498 1045 548 ambobus,
1073 498 1211 539 Iason.

175 556 297 597 dulce
323 555 423 595 mihi
448 555 650 611 gravidae
675 555 830 597 fecerat
858 562 1002 596 auctor
1027 569 1146 596 onus.

118 613 218 654 felix
243 613 285 652 in
310 627 484 653 numero
511 626 678 666 quoque
704 626 816 659 sum,
841 612 1086 666 prolemque
1111 611 1349 667 gemellam,

176 670 354 724 pignora
379 668 545 709 Lucina
570 668 668 708 bina
693 668 861 711 favente
887 667 997 708 dedi.

119 726 152 766 si
178 725 364 778 quaeris,
392 724 458 765 cui
485 725 567 765 sint
591 724 766 765 similes:
794 724 1060 778 cognosceris
1085 724 1179 766 illis.

177 782 321 822 fallere
347 796 431 821 non
456 790 609 821 norunt
619 796 630 829 ;
657 789 795 821 cetera
819 780 948 835 patris
974 779 1144 821 habent.

116 839 278 893 legatos
304 852 409 892 quos
435 852 568 892 paene
594 837 689 878 dedi
715 851 790 892 pro
816 844 948 878 matre
974 836 1184 878 ferendos.

175 895 248 936 sed
274 894 406 935 tenuit
431 901 601 948 coeptas
627 908 754 935 saeva
778 908 960 934 noverca
985 893 1087 934 vias.

117 951 318 992 Medeam
344 950 476 991 timui.
537 951 632 1005 plus
658 959 719 991 est
744 950 902 991 Medea
927 964 1120 992 noverca.

173 1008 356 1049 BIedeae
381 1007 543 1048 faciunt
567 1008 621 1048 ad
647 1007 783 1048 scelus
810 1021 933 1048 omne
959 1022 1121 1048 manus.

118 1079 315 1120 spargere
341 1079 449 1118 quae
475 1064 614 1105 fratris
639 1065 774 1119 potuit
798 1064 982 1105 lacerata
1006 1079 1081 1119 per
1106 1078 1229 1119 agros

175 1135 369 1176 corpora,
395 1121 643 1176 pignoribus
669 1128 860 1176 parceret
884 1121 956 1161 illa
979 1121 1111 1162 meis?

117 1179 226 1220 hanc
251 1187 411 1227 tamen,
438 1192 461 1218 0
489 1178 660 1219 demens
688 1176 945 1232 Colchisque
971 1177 1109 1220 ablate
1135 1177 1321 1226 venenis,

175 1235 323 1276 diceris
351 1235 612 1290 Hypsipyles
637 1234 930 1289 praeposuisse
956 1234 1064 1276 toro!

118 1292 294 1363 turpiter
317 1292 388 1332 illa
413 1292 549 1332 virum
575 1292 774 1346 cognovit
799 1291 990 1333 adultera
1014 1291 1155 1346 virgo:

173 1364 240 1390 ine
267 1348 362 1397 tibi,
388 1357 512 1402 teque
538 1348 640 1389 mihi
665 1348 789 1389 taeda
815 1349 969 1403 pudica
995 1348 1122 1389 dedit.

118 1405 301 1460 prodidit
324 1405 395 1446 illa
420 1413 601 1460 patrem:
627 1406 747 1460 rapui
774 1405 825 1446 de
852 1405 970 1446 clade
995 1405 1205 1446 Thoanta.

175 1462 358 1504 deseruit
384 1460 586 1503 Colchos:
613 1478 680 1504 me
706 1477 800 1504 mea
826 1462 1012 1503 Lemnos
1038 1462 1178 1504 habet.

120 1519 221 1572 quid
245 1519 391 1567 refert,
419 1520 620 1560 scelerata
644 1519 757 1574 piam
784 1518 818 1559 si
843 1519 983 1560 vincet
1009 1526 1049 1560 et
1072 1519 1164 1574 ipso

178 1575 348 1617 crimine
374 1575 517 1617 dotata
542 1584 603 1617 est
629 1576 890 1629 emeruitque
916 1576 1078 1616 virum?

121 1632 405 1673 Lemniadum
430 1632 594 1673 facinus
621 1633 758 1687 culpo,
784 1647 869 1672 non
893 1632 1034 1680 miror,
1060 1631 1200 1672 Iason.

177 1689 363 1742 qualibet
387 1688 501 1729 iratis
526 1689 615 1743 ipse
641 1689 713 1729 dat
737 1704 853 1730 arma
879 1689 1008 1729 dolor.

121 1746 189 1787 dic
213 1760 312 1800 age,
338 1745 371 1785 si
398 1746 552 1795 ventis,
578 1755 624 1786 ut
649 1745 850 1800 oportuit,
877 1752 994 1786 actus
1019 1744 1174 1798 iniquis

177 1803 375 1844 intrasses
400 1810 545 1856 portus
572 1810 702 1856 tuque
729 1816 954 1855 comesque
980 1816 1109 1849 meos,

121 1859 327 1912 obviaque
354 1860 533 1900 exissem
558 1859 648 1900 fetu
675 1859 900 1900 eomitante
924 1858 1131 1913 gemello?
1155 1881 1211 1887 —-

177 1916 336 1957 hiscere
361 1931 514 1970 nempe
539 1915 616 1956 tibi
640 1923 751 1956 terra
774 1916 964 1970 roganda
989 1914 1088 1956 fuit!

120 1987 203 2027 quo
229 1973 348 2013 vultu
373 1981 512 2021 natos,
538 1986 621 2026 quo
648 1987 734 2022 me,
761 1973 979 2022 scelerate,
1005 1971 1197 2014 videres?

176 2030 375 2084 perfidiae
401 2030 534 2085 pretio
559 2044 644 2082 qua
667 2044 771 2071 nece
797 2029 950 2084 dignus
976 2029 1094 2070 eras?

119 2087 208 2142 ipse
233 2086 403 2140 quidem
428 2101 503 2141 per
527 2102 594 2127 me
620 2094 736 2127 tutus
762 2100 992 2141 sospesque
1017 2085 1189 2127 fuisses:

176 2158 259 2184 non
285 2143 384 2197 quia
409 2151 454 2184 tu
481 2143 652 2198 dignus,
679 2143 753 2185 sed
778 2144 876 2197 quia
901 2142 1014 2184 mitis
1040 2156 1133 2198 ego.

119 2201 297 2255 pelicis
288 2215 378 2255 ipsa
402 2215 518 2241 meos
543 2201 784 2255 implessem
811 2200 1016 2255 sanguine
1041 2200 1196 2248 vultus,

177 2271 366 2311 quosque
393 2257 604 2298 veneficiis
630 2257 802 2298 abstulit
827 2257 899 2297 illa
925 2257 1024 2297 suis.

120 2313 300 2355 Medeae
326 2313 484 2355 Medea
507 2314 654 2355 for.em
713 2314 865 2367 quodsi
890 2313 992 2366 quid
1017 2313 1070 2354 ab
1097 2313 1180 2354 alto

177 2371 311 2411 iustus
336 2370 454 2412 adest
479 2371 586 2411 votis
612 2370 836 2426 Iuppiter
826 2385 916 2425 lpse
942 2369 1059 2418 meis,

122 2427 285 2481 quodD
262 2427 389 2467 tremit
415 2427 612 2481 Hypsipx
613 2427 672 2475 le,
698 2427 795 2467 lecti
819 2440 987 2480 quoque
1013 2425 1210 2466 subnuba
1233 2426 1364 2467 nostri

179 2490 363 2523 maereat
388 2490 428 2523 et
451 2483 566 2538 leges
593 2483 741 2524 sentiat
766 2483 858 2537 ipsa
884 2498 994 2523 suas.

124 2553 251 2596 utque
278 2554 357 2593 ego
384 2519 586 2580 destituor
611 2539 794 2580 coniunx
818 2550 1034 2593 materque
1061 2539 1254 2589 duorum,

180 2614 204 2639 a
229 2596 403 2636 totidem
428 2596 535 2636 natis
563 2596 665 2636 orba
689 2596 741 2636 sit
767 2610 875 2650 aque
901 2596 1003 2637 viro.

123 2670 199 2696 nee
225 2653 334 2694 male
358 2660 479 2707 parta
505 2652 576 2693 diu
601 2660 760 2702 teneat,
785 2653 991 2708 peiusque
1015 2653 1242 2707 relinquat:

181 2712 339 2758 exulet,
366 2719 406 2750 et
430 2718 516 2751 toto
542 2717 717 2763 quaerat
740 2709 784 2750 in
809 2710 908 2752 orbe
934 2710 1094 2765 fugam.

123 2783 250 2823 quam
276 2767 393 2809 fratri
418 2781 620 2822 germana
645 2766 723 2808 fuit
749 2766 986 2821 miseroque
1011 2767 1176 2823 parenti

1518 564 1582 593 12⁴)

1517 1133 1579 1164 130

1517 1418 1579 1448 135

1518 1702 1581 1733 140

1519 1985 1580 2015 145

1518 2272 1580 2302 150

1518 2556 1580 2585 155
