1831 3168
493 246 768 283 HEROIDUM
791 246 877 283 XV.
903 246 1072 282 32—119.
1412 237 1468 279 53

157 327 342 377 moenia,
366 326 594 370 Phoebeae
621 335 780 370 structa
805 343 956 370 canore
981 329 1110 383 lyrae.

97 386 202 440 quid
229 384 305 426 tibi
331 384 382 426 de
407 384 532 426 turba
556 400 722 427 narrem
748 399 1008 440 numeroque
1034 385 1246 426 virorum?

156 442 227 482 vix
252 441 456 496 populum
482 441 606 482 tellus
633 442 810 484 sustinet
834 442 906 483 illa
930 457 1067 483 suum.

98 506 320 540 occurrent
346 498 476 539 denso
501 497 576 538 tibi
602 498 790 540 Troades
817 499 984 553 agmine
1010 501 1186 547 matres,'

155 569 234 596 nec
259 554 426 609 capient
450 554 663 610 Phrygias
689 555 794 596 atria
818 563 962 596 nostra
985 571 1130 597 nurus.
1496 568 1538 599 80

99 626 124 652 o
151 611 345 665 quotiens
371 611 484 652 dices
510 616 657 665 ‘quam
682 626 843 667 pauper
867 611 1033 653 Achaia
1058 621 1200 654 nostra
1225 611 1326 654 estl'

158 683 243 709 una
269 668 418 709 domus
444 668 619 721 quaevis
644 668 759 709 urbis
785 668 957 709 habebit
984 683 1097 723 opes.

98 739 177 766 nco
201 724 303 765 mihi
329 724 392 765 fas
418 724 545 765 fuerit
571 723 751 779 Sparten
778 732 1044 766 contemnere
1070 732 1277 766 vestram:

156 781 198 822 in
225 795 310 835 qua
334 789 379 821 tu
404 787 504 821 nata
529 795 592 829 es,
618 788 729 822 terra
753 780 878 822 beata
902 780 1005 821 mihi
1031 788 1105 821 est.

98 852 228 893 parca
253 837 327 878 sed
353 844 416 878 cst
442 835 614 891 Sparte,
640 844 685 877 tu
711 837 827 878 cultu
853 836 980 879 divite
1005 837 1151 892 digna:
1497 852 1538 882 gg,

157 894 212 936 ad
237 894 363 935 talem
388 893 566 934 formam
591 907 677 934 non
702 893 804 935 facit
827 893 905 935 iste
929 894 1061 935 locus.

98 951 206 992 hanc
232 950 385 992 faciem
408 950 537 1005 largis
563 950 651 992 sine
675 950 758 992 fine
784 950 1000 1006 paratibus
1027 950 1088 992 uti

156 1007 401 1062 deliciisque
427 1007 546 1049 decet
570 1007 784 1049 luxuriare
810 1007 944 1048 novis.

98 1079 195 1107 cum
222 1064 365 1106 videas
392 1064 528 1105 cultus
553 1072 696 1105 nostra
721 1064 772 1106 de
797 1072 925 1119 gente
950 1065 1150 1114 virorum,

155 1122 323 1175 qualem
347 1120 588 1162 Dardanias
614 1121 749 1162 credis
774 1121 930 1163 habere
955 1122 1113 1162 nurus?
1497 1135 1538 1165 90

97 1178 154 1220 da
178 1178 303 1219 modo
329 1185 370 1220 te
395 1177 562 1219 facilem
587 1192 664 1220 nec
690 1175 920 1233 dedignare
945 1179 1156 1228 maritum,

155 1249 252 1276 rure
277 1234 554 1290 Therapnaeo
580 1242 679 1276 nata
703 1235 863 1290 puella,
889 1235 1121 1291 Phrygem.

97 1290 247 1346 Phryx
272 1299 362 1333 erat
389 1301 430 1333 et
453 1299 596 1332 nostro
621 1292 791 1346 genitus
818 1292 869 1334 de
895 1292 1120 1347 sanguine,
1147 1291 1220 1346 qui
1244 1306 1357 1333 nunc

157 1363 253 1390 cum
279 1348 341 1389 dis
366 1348 552 1403 potando
577 1356 746 1391 nectare
771 1349 921 1391 miscet
945 1364 1091 1404 aquas.

96 1405 245 1460 Phryx
271 1412 359 1447 erat
384 1406 578 1447 Aurorae
604 1406 806 1447 coniunx:
833 1414 975 1448 tamen
1000 1405 1174 1448 abstulit
1196 1405 1315 1447 illum
1498 1419 1537 1449 95

157 1467 393 1504 extremum
417 1462 552 1504 noctis
578 1477 688 1516 quae
714 1463 794 1505 dea
817 1463 909 1504 finit
932 1463 1024 1505 iter.

97 1518 248 1574 Phryx
273 1519 399 1560 etiam
424 1519 655 1569 Anchises,
681 1521 902 1561 volucrum
928 1521 996 1562 cui
1020 1527 1155 1562 mater
1179 1520 1389 1561 Amorum

156 1576 315 1631 gaudet
338 1576 382 1617 in
405 1575 545 1617 Idaeis
572 1577 851 1619 concubuisse
877 1577 1001 1632 iugis.

98 1648 197 1682 nec,
223 1640 339 1687 pum,
365 1632 540 1674 conlatis
565 1633 702 1674 forma
726 1634 950 1675 Menelaus
977 1641 1017 1675 et
1043 1633 1161 1675 annis

155 1689 295 1731 iudice
320 1697 361 1731 te
386 1689 508 1730 nobis
533 1690 830 1732 anteferendus
857 1691 945 1732 erit.
1499 1704 1560 1734 100

98 1761 184 1788 non
210 1746 406 1787 (labimus
431 1753 541 1788 certe
567 1761 759 1788 socerum
785 1747 861 1788 tibi
886 1748 999 1788 clara
1023 1746 1244 1802 fugantem

155 1803 334 1852 lumina,
361 1803 434 1857 qui
459 1803 644 1858 trepidos
670 1819 695 1845 a
721 1804 828 1859 dape
854 1811 988 1845 vertat
1014 1817 1164 1857 equos:

98 1875 177 1901 nec
201 1860 374 1901 Priamo
399 1867 519 1914 pater
544 1868 608 1902 est
632 1861 766 1902 soceri
791 1861 843 1902 de
870 1861 998 1902 caede
1024 1869 1235 1910 cruentus,

156 1924 198 1959 et
223 1917 296 1971 qui
319 1916 514 1972 Myrtoas
541 1917 714 1959 crimine
740 1917 880 1972 signat
905 1932 1057 1971 aquas:

97 1989 177 2016 nec
201 1988 359 2029 proavo
386 1972 539 2029 Stygia
563 1981 706 2015 nostro
733 1982 954 2030 captantur
977 1974 1021 2015 in
1045 1974 1161 2015 unda
1498 1989 1559 2019 105

155 2045 301 2086 poma,
327 2045 405 2072 nec
430 2031 473 2071 in
497 2031 646 2072 mediis
672 2032 888 2085 quaeritur
912 2045 1034 2072 umor
1059 2031 1193 2085 aquis.

98 2088 201 2142 quid
226 2095 368 2129 tamen
391 2087 472 2129 hoc
495 2088 644 2137 refert,
670 2089 705 2130 si
730 2097 770 2130 te
796 2096 910 2130 tenet
935 2096 1050 2129 ortus
1076 2088 1130 2129 ab
1155 2087 1262 2129 illis?

156 2145 321 2199 cogitur
346 2144 443 2186 huic
469 2144 613 2186 domui
637 2145 831 2201 Iuppiter
855 2161 946 2188 esse
972 2160 1104 2187 socer.

98 2201 182 2243 heu
206 2201 390 2243 facinus!
428 2201 525 2243 totis
550 2202 749 2258 indignus
774 2202 969 2244 noctibus
994 2202 1063 2243 ille

155 2266 196 2300 te
221 2266 354 2308 tenet,
381 2259 579 2313 amplexu
604 2259 920 2314 perfruiturque
946 2267 1032 2300 tuo.
1497 2274 1560 2303 110

98 2322 141 2356 at
167 2315 269 2355 mihi
294 2315 548 2370 conspiceris
573 2316 711 2370 posita
736 2316 807 2357 vix
833 2316 1013 2369 denique
1039 2331 1203 2357 mensa:

157 2372 393 2425 multaque,
420 2386 528 2425 quae
553 2372 741 2423 laedant,
767 2373 847 2414 hoc
872 2387 1040 2426 quoque
1066 2381 1232 2427 tempus
1258 2371 1398 2413 habet.

84 2427 290 2469 vhostibus
316 2428 512 2469 eveniant
537 2430 730 2470 convivia
755 2430 855 2471 talia
879 2429 1045 2478 nostris,

158 2484 352 2539 experior
375 2485 510 2540 posito
537 2486 678 2539 qualia
703 2501 828 2541 saepe
853 2500 982 2527 mero.

99 2542 288 2597 paenitet
312 2541 501 2596 hospitii,
527 2556 624 2583 cum
648 2557 716 2584 me
743 2549 958 2598 spectante
983 2542 1160 2584 lacertos
1496 2557 1560 2588 115

157 2598 334 2653 imponit
359 2599 467 2639 collo
492 2599 672 2640 rusticus
697 2599 775 2641 iste
801 2607 886 2640 tuo.

101 2669 274 2709 rumpor
299 2662 340 2696 et
364 2655 533 2696 invideo
558 2679 614 2685 —
639 2656 785 2710 quidni
811 2664 951 2698 tamen
977 2656 1118 2698 omnia
1142 2655 1336 2698 narrem?
1359 2679 1418 2687 —-

158 2712 348 2753 membra
373 2712 608 2767 superiecta
634 2728 729 2754 cum
755 2721 828 2755 tua
853 2721 969 2755 veste
994 2713 1122 2755 fovet.

101 2768 246 2810 oscula
272 2783 368 2811 cum
393 2783 491 2812 vero
517 2783 658 2811 coram
683 2785 767 2812 non
794 2771 898 2812 dura
924 2770 1091 2820 daretis,
