1831 3168
373 269 528 306 ARTIS
553 269 788 305 AMATORI
793 270 859 304 ΑΕ
884 269 980 304 LIB.
1007 269 1074 304 ΙΙΙ.
1103 269 1297 306 664-751.
1441 261 1524 304 193

208 352 364 408 rumpit
391 360 432 394 et
456 351 651 407 indignas
677 351 836 393 sauciat
861 366 1004 405 unsrue
1029 366 1173 406 genas.

151 424 229 452 nec
254 423 390 458 mora,
416 423 491 464 per
515 408 674 451 modias
699 408 833 463 passis
859 387 1088 450 furibunda
1113 408 1273 464 capillis

210 466 367 516 evolat,
394 475 440 506 ut
465 465 609 521 thyrso
636 465 799 507 concita
823 465 1012 513 Baccha,
1038 465 1140 506 vias.
1551 481 1616 512 710

153 531 197 564 ut
223 537 353 578 prope
378 530 647 577 perventum,
674 522 846 564 comites
871 523 914 563 in
940 522 1047 564 valle
1064 522 1282 587 relinquit,

209 580 300 635 ipsa
324 594 473 621 nemus
499 579 626 621 tacito
652 579 759 621 clam
785 579 892 634 pede
917 578 1037 620 fortis
1062 579 1150 620 init.

153 637 255 692 quid
280 636 355 678 tibi
381 637 531 679 mentis
557 644 664 685 erat,
691 651 787 677 cum
813 635 872 677 sic
898 636 1005 677 male
1031 650 1133 676 sana
1157 635 1322 684 lateres,

209 692 383 735 Procri?
418 693 512 747 quis
538 668 713 734 adtoniti
737 692 917 748 pectoris
942 692 1067 733 ardor
1091 691 1204 733 erat?

153 751 236 792 iam
261 751 344 791 iam
369 759 610 798 venturam,
637 762 929 803 quaecumque
954 756 1043 790 erat
1067 749 1202 796 Aura,
1229 749 1408 804 putabas
1551 764 1614 794 715

210 807 386 856 scilicet,
414 816 540 861 atque
566 807 697 848 oculis
722 806 876 861 probra
900 805 1082 847 videnda
1107 805 1217 846 tuis?

152 878 265 905 nunc
291 864 455 905 venisse
481 864 615 919 piget,
640 887 697 892 —-
721 877 857 917 neque
882 862 994 904 enim
1019 861 1279 916 deprendere
1304 863 1433 904 velles
1458 887 1514 891 —

211 935 324 962 nunc
349 920 483 962 iuvat:
510 921 694 963 incertus
719 928 891 975 pectora
916 926 1055 961 versat
1080 932 1211 960 amor.

154 977 324 1020 credere
349 991 458 1031 quae
483 977 675 1026 iubeant,
700 977 817 1019 locus
843 983 904 1018 est
930 984 970 1018 et
994 989 1149 1018 nomen
1175 984 1215 1018 et
1239 975 1380 1026 indeX,

211 1043 251 1076 et
277 1034 376 1089 quia
401 1049 545 1076 amans
571 1049 749 1099 semper,
773 1033 888 1087 quod
913 1032 1045 1082 timet,
1071 1047 1162 1075 esse
1186 1042 1325 1088 putat3
1553 1048 1617 1078 720

154 1091 258 1132 vidit
284 1100 325 1133 et
350 1105 550 1147 oppressa
575 1091 753 1146 vestigia
778 1090 962 1145 corporis
987 1089 1138 1132 herba:

210 1148 432 1203 pulsantur
456 1148 608 1203 trepidi
633 1147 757 1189 corde
782 1147 964 1189 micante
991 1145 1127 1188 sinus!

152 1205 321 1270 iamque
347 1205 436 1247 dies
461 1205 624 1247 medius
650 1212 797 1246 tenues
823 1211 1088 1246 contraxerat
1112 1203 1300 1254 umbras,

209 1261 337 1316 inque
362 1262 452 1316 pa1i
478 1262 610 1317 spatio
636 1276 786 1316 vesper
811 1269 852 1303 et
876 1269 991 1302 ortus
1018 1269 1153 1303 erant:

153 1333 272 1368 ecce,
298 1318 405 1360 redit
432 1317 647 1374 Cephalus
673 1318 807 1367 silvis,
835 1316 1029 1373 lelenia
1053 1318 1206 1373 proles,
1554 1332 1616 1362 725

211 1389 368 1429 oraque
392 1375 567 1417 fontana
591 1374 754 1417 fervida
778 1376 872 1430 puls
877 1385 918 1416 at
943 1389 1065 1429 aqua.

152 1432 278 1474 anxia
301 1432 470 1481 Procri,
495 1433 613 1475 lates.
674 1432 817 1474 solitas
842 1433 950 1475 iacet
974 1432 1043 1474 ille
1067 1447 1144 1488 per
1168 1431 1320 1475 herbas

211 1496 252 1531 et
279 1489 470 1545 ‘zephyri
495 1490 642 1532 molles
668 1490 872 1544 auraque’
899 1489 1004 1531 dixit
1029 1488 1188 1532 ‘adesl'

153 1553 199 1587 ut
223 1546 360 1601 patuit
384 1546 560 1588 miserae
585 1546 794 1588 iucundus
819 1547 999 1588 nominis
1025 1561 1152 1596 error,

214 1613 253 1644 et
279 1617 397 1645 mens
423 1611 464 1645 et
488 1603 609 1644 rediit
636 1618 760 1644 verus
786 1604 828 1644 in
854 1617 925 1644 ora
952 1604 1078 1645 color.
1553 1617 1617 1648 730

154 1659 288 1715 surgit
313 1668 352 1701 et
379 1660 591 1715 oppositas
617 1659 776 1715 agitato
803 1674 976 1714 corpore
1001 1659 1172 1703 frondes

210 1716 340 1757 movit
366 1716 409 1757 in
435 1717 654 1771 amplexus
681 1731 787 1758 uxor
811 1717 921 1758 itura
947 1717 1037 1758 viri.

153 1773 242 1821 ille,
267 1773 402 1815 feram
426 1773 580 1815 vidisse
605 1782 740 1822 ratus,
765 1774 1014 1816 iuvenaliter
1039 1789 1161 1816 arcus

212 1830 400 1886 corripit,
426 1830 469 1871 in
495 1831 642 1872 dextra
667 1831 750 1872 tela
774 1830 892 1872 fuere
917 1846 1060 1872 manu.

153 1886 255 1941 quid
280 1886 404 1937 facis,
430 1887 602 1929 infelix?
637 1902 722 1930 non
748 1897 809 1930 est
835 1887 983 1937 fera,s
965 1888 1180 1943 supprime
1205 1888 1306 1930 tela!
1554 1902 1617 1933 735

210 1959 277 1986 me
302 1944 520 1986 miserum!
546 1945 682 1986 iaculo
709 1944 793 1985 fixa
817 1945 959 2000 puella
984 1954 1057 1986 tuo
1083 1954 1159 1987 est.

153 2001 210 2042 ‘ei
235 2000 376 2041 mihit’
403 2002 638 2043 conclamat
663 2001 809 2042 ‘fixisti
834 2011 981 2056 pectus
1008 2002 1210 2043 amicum:

208 2057 277 2099 hic
301 2058 418 2099 locus
444 2074 469 2099 a
496 2056 686 2113 Cephalo
712 2059 888 2100 vulnera
913 2074 1078 2114 semper
1102 2059 1245 2101 habet.

153 2122 249 2157 ante
276 2114 387 2157 diem
412 2115 568 2157 morior
591 2139 648 2144 —
672 2116 747 2158 sed
772 2116 888 2157 nulla
912 2116 1073 2171 paelice
1098 2116 1232 2158 laesa!

209 2171 289 2213 hoc
314 2172 440 2214 faciet
465 2172 627 2227 positae
652 2180 692 2214 te
718 2173 840 2222 mihi,
866 2182 997 2222 terra,
1021 2173 1172 2215 levem.
1554 2189 1616 2218 740

153 2228 322 2269 nomine
349 2238 564 2284 suspectas
590 2230 674 2270 iam
699 2230 870 2284 spiritus
897 2230 982 2271 exit
1006 2230 1049 2271 in
1075 2245 1218 2271 auras:

210 2284 347 2333 labor3
374 2285 433 2333 io,
460 2300 557 2326 cara
580 2286 741 2326 lumina
766 2286 899 2327 conde
924 2286 1091 2327 manul'

153 2341 278 2390 dixit,
305 2350 344 2383 et
370 2341 540 2383 incauto
567 2342 769 2396 paulatim
794 2351 962 2396 pectore
987 2342 1132 2397 lapsus

211 2398 418 2453 excipitur
442 2398 584 2439 miseri
609 2399 780 2454 spiritus
805 2414 876 2440 ore
902 2399 993 2440 viri.

153 2454 221 2496 ille
248 2455 342 2496 sinu
367 2455 561 2497 dominae
587 2455 807 2497 morientia
832 2470 1008 2511 corpora
1031 2464 1192 2498 maesto
1552 2473 1615 2502 743

211 2512 387 2553 sustinet
413 2520 455 2553 et
477 2512 661 2553 lacrimis
687 2513 862 2554 vulnera
886 2528 1014 2554 saeva
1038 2513 1164 2554 lavat.
1189 2537 1246 2542 —

154 2568 228 2609 scd
253 2576 492 2623 repetamus
518 2583 637 2624 opus.
698 2568 799 2610 mihi
823 2569 948 2611 nudis
972 2570 1099 2612 rebus
1125 2570 1310 2612 eundum
1336 2578 1412 2620 est,

210 2634 255 2666 ut
281 2633 428 2680 tangat
453 2634 598 2680 portus
623 2625 736 2667 fessa
761 2626 902 2668 carina
927 2641 1039 2668 suos.

153 2681 311 2724 scilicet
338 2690 556 2737 expectes,
583 2682 684 2723 dum
709 2691 749 2724 te
774 2683 817 2724 in
842 2684 1035 2725 convivia
1060 2683 1226 2733 ducam,

211 2748 251 2780 et
277 2738 444 2793 quae1is
468 2739 652 2781 monitus
679 2739 759 2781 hac
784 2754 952 2794 quoque
977 2748 1095 2796 parte
1121 2741 1263 2783 meos?
1548 2756 1612 2786 750

151 2810 245 2837 seia
269 2795 366 2837 veni
391 2796 611 2851 positaque
637 2796 789 2840 decens
813 2797 961 2840 incede
986 2798 1170 2840 lucerna.

222 2861 299 2890 Oudi
312 2862 359 2889 ιοῖ.
373 2863 398 2889 I.
1253 2865 1296 2899 13
