1831 3168
222 197 303 240 172
678 204 722 238 Ρ.
750 203 895 240 OVIDI
921 202 1138 239 NASONIS

277 296 420 344 turpe,
445 301 523 329 nee
549 285 601 328 ad
628 293 793 327 teneros
820 285 965 326 oscula
989 284 1098 327 ferre
1124 285 1267 340 pedes.

129 361 194 391 535,
222 346 323 401 quid
348 359 488 386 moror
512 344 553 384 in
580 343 750 398 parvis?
787 342 952 383 animus
978 342 1207 383 maioribus
1232 344 1371 384 instat.

278 416 434 457 magna
459 415 629 441 canam:
656 407 743 440 toto
768 407 959 454 pectore,
985 399 1161 451 vulgus,
1189 400 1302 440 ach.

221 460 353 501 ardua
378 457 592 499 molimur:
620 456 694 498 sed
719 456 853 505 nulla,
879 456 958 496 nisi
985 456 1137 506 ardua,
1164 457 1315 497 virtus:

278 515 460 557 difficilis
486 521 629 555 nostra
653 513 841 568 poscitur
866 520 954 554 arte
979 513 1110 554 labor.

220 573 394 614 rivalem
419 571 628 627 patienter
653 571 781 612 habe:
808 570 984 611 victoria
1009 578 1148 611 tecum

130 643 196 673 510
280 629 426 678 stabit3
453 628 534 670 eris
559 628 703 683 magni
728 627 862 669 victor
887 627 929 668 in
955 626 1055 668 orbe
1081 627 1209 668 Iovis.

222 688 326 729 haec
352 686 428 727 tibi
452 700 537 726 non
563 685 798 734 hominem,
826 684 900 726 sed
925 698 1106 738 quercus
1133 684 1255 726 crede
1281 684 1489 740 Pelasgas

280 744 431 785 dicere.
490 742 549 783 nil
572 742 662 783 istis
690 757 755 783 ars
780 757 875 783 mea
900 742 1035 782 maius
1062 741 1202 783 habet.

222 801 369 842 innuet
392 801 464 842 illa
488 824 545 829 —
569 800 700 849 feras3
728 799 881 840 scribet
904 823 961 828 -—
984 814 1037 840 ne
1063 806 1191 854 tange
1217 798 1413 840 tabellas:

279 858 391 899 unde
417 857 548 905 volet,
574 857 734 905 veniat,
760 870 929 910 quoque
954 856 1121 905 libebit,
1147 862 1227 897 eat.

131 928 197 958 545
226 915 304 957 hoc
328 915 372 956 in
398 914 587 969 legitima
612 921 827 969 praestant
852 927 984 954 uxore
1009 913 1162 962 mariti,

282 987 397 1020 cum,
424 980 555 1017 tener,
583 970 636 1012 ad
662 978 802 1027 partes
828 978 873 1011 tu
899 984 1088 1024 quoque,
1116 984 1280 1018 somne,
1306 970 1437 1011 venis.

225 1030 304 1072 hac
330 1043 431 1084 egO,
458 1029 671 1077 confiteor,
698 1043 781 1069 non
809 1043 901 1069 sum
927 1027 1140 1083 perfectus
1164 1027 1207 1068 in
1234 1035 1335 1068 arte.

281 1086 383 1140 quid
408 1086 588 1127 faciam?
623 1085 791 1126 monitis
818 1100 911 1126 sum
937 1084 1073 1125 minor
1097 1085 1187 1139 ipse
1212 1084 1329 1125 meis.

225 1159 346 1185 mene
372 1143 512 1198 palam
537 1151 706 1184 nostrae
732 1143 800 1184 det
827 1142 1051 1195 quisquam
1079 1141 1200 1196 signa
1225 1141 1405 1196 puellae,

133 1215 200 1245 550
283 1208 322 1242 ct
348 1199 497 1255 patiar,
523 1214 601 1241 nec
625 1215 693 1241 me
718 1199 905 1253 quolibet
932 1199 993 1239 ira
1018 1199 1150 1240 feret?

225 1257 370 1299 oscula
394 1257 458 1298 vir
484 1257 676 1305 dederat,
702 1256 894 1304 memini,
921 1270 1042 1296 suus:
1069 1255 1213 1296 oscula
1238 1262 1411 1308 questus

282 1329 376 1355 sum
402 1314 513 1354 data.
573 1313 769 1354 barbaria
793 1320 935 1354 noster
960 1312 1181 1354 habundat
1205 1312 1341 1352 amor!

225 1386 310 1412 non
336 1371 465 1412 semel
491 1370 570 1411 hoc
596 1370 745 1411 vitium
769 1370 915 1411 nocuit
940 1369 1056 1410 mihi.
1117 1369 1277 1411 doctior
1301 1369 1384 1418 illc,

283 1442 367 1482 quo
393 1427 567 1469 veniunt
594 1427 663 1468 alii
690 1427 938 1468 conciliante
963 1426 1066 1467 viro.

135 1500 201 1529 555
228 1485 301 1527 sed
327 1484 476 1526 melius
502 1484 686 1525 nescisse
712 1483 805 1525 fuit.
867 1484 974 1533 sine,
1001 1483 1114 1524 furta
1140 1489 1350 1538 tegantur,

282 1557 336 1583 nc
361 1541 499 1597 fugiat
524 1541 634 1582 victo
661 1541 800 1583 laesus
827 1540 881 1582 ab
907 1555 978 1582 ore
1003 1540 1154 1595 pudor.

228 1614 312 1654 quo
338 1598 494 1654 magis,
521 1613 544 1640 o
570 1598 764 1648 iuvenes,
791 1597 1052 1653 deprendere
1077 1596 1236 1652 parcite
1264 1604 1438 1638 vestras.

285 1663 480 1712 peccent:
506 1663 730 1711 peccantes
756 1655 887 1697 verba
912 1655 1077 1696 dedisse
1103 1661 1266 1709 putent.

229 1714 378 1755 crescit
402 1727 521 1754 amor
544 1712 720 1768 prensis.
781 1712 855 1753 ubi
880 1727 957 1767 par
980 1712 1151 1752 fortuna
1176 1712 1355 1752 duorum
1381 1718 1456 1759 est,

137 1785 204 1815 560
285 1770 328 1811 in
354 1785 482 1811 causa
507 1770 650 1810 damni
674 1777 835 1825 perstat
859 1778 1037 1823 uterque
1063 1769 1141 1809 sui.

229 1827 376 1868 fabula
399 1835 594 1868 narratur
618 1835 706 1868 toto
730 1827 949 1868 notissima
973 1826 1089 1867 caelo

286 1884 538 1925 BIulciberis
565 1884 676 1938 eapti
701 1884 908 1936 lilarsque
933 1884 1170 1936 Venusque
1198 1882 1317 1923 dolis.

229 1941 348 1981 Mars
374 1948 493 1995 pater
517 1940 664 1981 insano
689 1940 869 1981 Veneris
895 1940 1088 1980 turbatus
1115 1954 1256 1980 amore

287 1998 338 2038 de
365 1998 471 2038 duce
497 1997 671 2038 terribili
697 1996 833 2038 factus
860 2005 1022 2037 amator
1047 2004 1147 2037 erat.

138 2068 203 2099 565
229 2069 307 2096 nec
332 2055 480 2096 Venus
506 2053 641 2094 oranti
666 2052 824 2107 (neque
851 2054 961 2094 enim
988 2053 1066 2094 dea
1092 2053 1256 2094 mollior
1281 2053 1364 2094 ulla
1392 2052 1473 2108 est)

286 2111 443 2152 rustica
469 2108 659 2152 Gradivo
686 2110 952 2164 difficilisque
978 2110 1071 2151 fuit.

231 2185 274 2217 a,
301 2167 496 2222 quotiens
521 2168 679 2209 lasciva
704 2168 832 2222 pedes
858 2168 998 2208 risisse
1023 2167 1161 2208 mariti

288 2225 440 2266 dicitur
464 2231 505 2266 et
530 2225 657 2265 duras
682 2225 780 2280 igne
807 2225 872 2266 vel
899 2232 987 2265 arte
1013 2223 1183 2265 manus!

231 2282 371 2323 Marte
397 2281 537 2337 palam
565 2282 689 2322 simul
713 2288 776 2323 est
801 2282 1044 2324 Vulcanum
1068 2281 1249 2331 imitata,
1277 2281 1467 2331 decebat,

139 2354 206 2383 570
287 2339 504 2393 multaque
531 2353 627 2380 cum
653 2338 790 2380 forma
814 2339 951 2394 gratia
975 2339 1108 2380 mixta
1133 2338 1225 2379 fuit.

232 2396 304 2438 sed
330 2396 438 2438 bene
463 2396 712 2437 concubitus
737 2396 873 2451 primo
899 2396 1035 2438 celare
1061 2396 1265 2437 solebant.

288 2453 413 2507 plena
438 2453 666 2495 verecundi
692 2454 818 2508 culpa
841 2454 1015 2509 pudoris
1041 2460 1142 2495 erat.

232 2510 385 2550 indicio
412 2508 523 2551 Solis
547 2534 605 2539 —
629 2510 722 2564 quis
749 2509 894 2552 Solem
918 2511 1063 2552 fallere
1088 2510 1246 2566 possit?
1270 2534 1327 2539 ——

290 2566 461 2621 cognita
484 2567 680 2609 Vulcano
706 2567 898 2622 coniugis
925 2575 1018 2609 acta
1044 2582 1158 2609 suae.

141 2637 205 2666 575
233 2637 360 2676 quarn
384 2623 515 2672 mala,
543 2623 637 2673 Sol,
663 2625 857 2679 exempla
881 2625 1051 2666 moves?
1088 2632 1183 2679 pete
1209 2639 1362 2665 munus
1388 2624 1440 2665 ab
1466 2624 1576 2680 ipsa:

290 2686 331 2720 et
356 2679 451 2728 tibi,
478 2680 512 2720 si
537 2688 698 2727 taceas,
725 2681 838 2735 quod
865 2681 964 2723 dare
989 2682 1140 2737 possit,
1167 2681 1308 2723 habet.

232 2735 447 2778 Mulciber
471 2736 673 2779 obscuros
698 2738 855 2780 lectum
881 2738 1075 2793 circaque
1103 2753 1312 2793 superque
