1831 3168
307 231 393 276 128
762 239 804 273 P.
833 239 978 275 ovlm
1003 238 1221 274 NAsoxis

366 323 519 377 sumit,
546 331 583 363 et
612 338 633 362 a
661 335 757 362 calo
784 320 911 362 fratre
938 320 1123 362 verenda
1149 335 1277 361 soror.

308 392 347 422 at
376 394 509 434 nupez
535 379 598 419 bis
624 379 705 419 ssav
710 393 734 419 a
760 376 933 426 Chlide,
959 387 1022 419 ter
1047 377 1227 419 candida
1251 377 1393 428 Pitho,

365 446 427 478 ter
454 436 585 476 Libas
611 435 750 476 officio
777 434 960 476 continu
953 443 1022 475 ιιιι
1047 449 1139 476 meo
1166 442 1241 476 est.

237 508 281 538 25
309 494 477 548 exigere
504 508 528 533 a
553 489 674 533 nobis
701 500 883 546 angusta
907 500 1031 533 noete
1058 490 1303 540 Corinnam,

364 565 430 591 me
457 549 628 590 memini
654 563 851 590 numeros
878 549 1125 590 sustinuisse
1151 563 1318 590 novem.

307 622 408 647 num
433 622 528 647 mea
554 605 799 647 Thessalico
825 606 1029 661 languent
1054 605 1208 647 devota
1232 619 1393 647 veneno

365 664 566 718 corpora?
591 678 693 704 num
718 662 870 704 misero
897 678 1066 704 carmen
1092 671 1133 705 et
1158 662 1289 705 herba
1313 661 1491 703 nocent?

308 735 464 775 sagave
490 720 692 775 poenicea
717 720 860 760 defixit
886 720 1058 761 nomina
1084 735 1180 761 cera

240 793 282 823 30
365 785 405 819 et
430 777 617 819 medium
642 777 780 818 tenuis
806 778 849 818 in
874 777 989 818 iecur
1015 778 1100 831 egit
1127 777 1253 819 acus?

309 835 492 875 carmine
519 834 633 876 laesa
659 832 791 875 Ceres
817 834 1001 875 sterilem
1026 834 1214 876 vanescit
1240 833 1282 874 in
1308 832 1503 874 herbam:

366 891 565 933 deficiunt
590 891 692 932 laesi
719 891 903 932 carmine
929 890 1057 932 fontis
1084 905 1238 944 aquae:

308 949 374 989 ili‹
368 949 472 989 ibus
498 948 694 1004 olandes‚
722 955 974 1001 cantataque
1002 948 1158 988 vitibus
1183 962 1268 988 uva

366 1005 538 1055 decidit,
565 1013 605 1047 et.
629 1005 744 1046 nullo
773 1020 898 1061 poma
921 1012 1118 1047 movente
1142 1005 1292 1046 fluunt.

240 1077 282 1107 33
309 1063 409 1116 quid
435 1071 549 1105 vetat
574 1070 614 1103 et
636 1076 789 1104 nervos
814 1062 1002 1116 magicas
1028 1070 1192 1116 torpere
1219 1076 1293 1116 per
1319 1059 1456 1102 artes?

366 1120 541 1161 forsitan
566 1119 789 1184 impatiens
815 1119 868 1161 sit
891 1120 1000 1160 latus
1025 1119 1123 1160 inde
1148 1133 1303 1160 meum.

309 1176 391 1217 huc
416 1177 554 1232 pudor
579 1176 773 1217 accessit:
800 1176 902 1217 facti
927 1176 1100 1230 pudor
1090 1191 1180 1231 lpse
1206 1174 1408 1223 nocebat3

365 1234 434 1275 ille
459 1234 540 1274 fuit
565 1233 655 1274 vitii
681 1248 809 1275 eausa
834 1233 1019 1275 secunda
1044 1234 1140 1274 mei.

310 1299 350 1332 at
377 1291 546 1344 qualem
572 1290 659 1331 vidi
684 1297 848 1332 tantum
874 1290 1078 1345 tetigique
1104 1288 1308 1345 puellam!

240 1362 284 1392 40
367 1348 426 1389 sie
452 1348 578 1389 etiam
604 1346 746 1388 tunica
771 1347 958 1402 tangitur
983 1348 1053 1389 illa
1078 1362 1166 1388 sua.

308 1405 418 1446 illius
445 1405 498 1445 ad
523 1411 683 1445 tactum
707 1403 857 1459 Pylius
884 1404 1154 1446 iuvenescere
1180 1402 1312 1458 possit

366 1461 658 1515 Tithonosque
685 1461 804 1502 annis
830 1461 978 1502 fortior
1002 1476 1094 1503 esse
1120 1460 1220 1501 suis.

310 1518 414 1560 haee
439 1518 542 1559 mihi
568 1517 814 1572 eontigeiat.
875 1518 950 1559 sed
975 1518 1038 1559 vir
1063 1532 1148 1558 non
1175 1515 1350 1570 contigit
1374 1515 1446 1556 illi.

367 1589 473 1629 quas
498 1589 611 1616 nunc
637 1575 872 1629 concipiam
897 1589 973 1630 per
998 1589 1109 1616 nova
1134 1581 1232 1615 vota
1257 1572 1431 1628 preces?

240 1646 282 1676 45
309 1633 434 1674 credo
460 1633 587 1674 etiam
612 1646 808 1686 magnos,
834 1645 920 1697 quo
945 1647 1039 1673 sum
1064 1638 1150 1672 tam
1177 1629 1353 1685 turpiter
1377 1643 1493 1678 usus,

366 1689 552 1730 muneris
579 1689 709 1730 oblati
735 1688 992 1754 paenituisse
1019 1689 1133 1731 deos.

310 1746 510 1802 optabam
535 1753 647 1787 certe
672 1745 821 1800 recipi:
850 1761 943 1787 sum
967 1761 1119 1801 nempe
1144 1752 1353 1799 receptus3

366 1803 510 1844 oscula
535 1803 665 1844 ferre:
692 1803 789 1852 tuli3
816 1803 1033 1857 proximus
1059 1818 1169 1844 esse:
1196 1802 1271 1843 fui.

309 1874 392 1914 quo
417 1859 521 1901 mihi
545 1859 740 1900 fortunae
766 1861 954 1901 tantum?
991 1874 1075 1914 quo
1100 1874 1233 1914 regna
1258 1858 1347 1900 sine
1372 1857 1477 1899 usu?

240 1932 283 1961 50
366 1916 468 1970 quid
492 1916 572 1957 nisi
596 1917 765 1970 possedi
791 1917 907 1958 dives
933 1931 1085 1958 ιιινιιιιιε
1112 1916 1237 1971 opes?

308 1973 367 2015 sic
393 1980 481 2014 aret
506 1973 655 2014 mediis
681 1973 796 2014 taciti
822 1973 1053 2028 vulgator
1042 1989 1086 2013 1n
1110 1973 1235 2013 undis

365 2044 592 2085 pomaque,
620 2044 728 2083 quae
753 2030 868 2070 nullo
894 2038 1082 2084 tempore
1107 2036 1273 2084 tangat,
1300 2027 1440 2069 habet.

309 2101 334 2127 a
358 2094 474 2128 tener
477 2102 502 2126 a
525 2086 752 2140 quisquam
778 2086 837 2128 sie
863 2087 997 2141 surgit
1022 2101 1145 2127 mane
1171 2085 1325 2141 puella,

364 2143 555 2198 protinus
582 2150 628 2183 ut
653 2150 818 2184 sanctos
844 2152 975 2198 posslt
1000 2143 1115 2185 adile
1142 2142 1268 2184 deos?

241 2215 282 2244 55
310 2200 401 2248 sed,
427 2207 543 2255 puto,
569 2215 653 2241 non
679 2200 835 2240 blanda
860 2201 984 2248 haee,
1010 2215 1094 2241 non
1120 2200 1279 2255 optima
1303 2197 1520 2254 perdidit
1510 2216 1553 2241 in
1578 2215 1648 2244 me

367 2256 536 2298 oscula?
573 2271 657 2297 non
684 2256 796 2297 omni
823 2257 1059 2298 sollicitavit
1085 2256 1191 2311 ope?

308 2313 379 2354 illa
403 2327 554 2368 graves
581 2313 717 2368 potuit
743 2328 924 2367 quercus
951 2314 1262 2367 adamantaque
1289 2313 1441 2354 durum

366 2370 577 2424 surdaque
603 2370 816 2411 blanditiis
843 2386 945 2412 saxa
970 2385 1140 2412 movere
1167 2371 1267 2411 suis.

309 2427 437 2482 digna
461 2442 630 2469 movere
656 2427 736 2468 fuit
761 2436 872 2469 certe
898 2427 1100 2481 vivosque
1126 2427 1343 2481 virosque:

240 2498 282 2528 60
365 2484 439 2525 sed
463 2498 600 2538 neque
627 2491 716 2525 tum
742 2484 846 2533 vixi,
871 2499 949 2526 nec
975 2484 1039 2525 vir
1063 2492 1109 2524 ut
1135 2492 1230 2525 ante
1255 2483 1330 2524 fui.

308 2541 409 2594 quid
433 2541 549 2582 iuvet
574 2541 627 2581 ad
653 2542 801 2583 surdas
828 2541 862 2583 si
887 2549 1025 2583 cantet
1051 2538 1256 2582 Phemius
1282 2541 1430 2582 aures?

365 2597 466 2651 quid
492 2597 692 2639 miserum
717 2598 963 2653 Thamyran
988 2598 1101 2653 picta
1125 2597 1280 2639 tabella
1304 2597 1445 2639 iuvat?

308 2662 350 2694 at
375 2669 483 2708 quae
508 2668 591 2695 non
619 2655 746 2696 tacita
770 2655 950 2696 formavi
974 2654 1132 2710 gaudia
1156 2653 1315 2695 mente!

365 2724 470 2764 quos
496 2725 575 2766 ego
600 2726 684 2752 non
711 2711 812 2752 finxi
837 2711 1110 2767 disposuique
1133 2710 1300 2752 modos!

239 2779 280 2811 65
308 2774 450 2808 nostra
474 2774 616 2809 tamen
640 2768 807 2810 iacuere
832 2769 945 2810 velut
971 2776 1240 2823 praemortua
1264 2767 1454 2810 membra
