1831 3168
472 225 695 262 AMORUM
719 225 814 259 Llss.
842 225 870 259 1.
897 224 926 269 1,
953 223 1070 269 1—11,
1095 223 1151 258 37.

153 324 264 357 uror,
291 317 331 350 et
356 308 398 349 in
424 323 559 350 vacuo
584 316 751 363 pectore
778 314 924 361 regnat
952 306 1098 346 Amor.

96 383 169 409 sex
196 366 299 407 mihi
325 374 470 420 surgat
496 380 601 419 opus
627 364 831 411 numeris,
859 364 900 404 in
926 363 1110 416 quinque
1137 361 1310 403 residat:

153 423 289 465 ferrea
315 437 411 463 cum
437 422 585 463 vestris
614 422 724 462 bella
750 421 885 461 valctc
912 419 1061 460 modis.

96 481 264 534 cingere
290 479 436 520 litorea
461 478 658 520 flaventia
684 486 874 531 tempora
900 486 1049 531 myrto,

153 536 282 578 Musa
308 551 382 591 per
407 535 599 578 undenos
626 534 908 577 emodulanda
934 533 1074 588 pedes.

754 636 812 676 11.

97 705 203 747 Esse
231 705 332 759 quid
358 705 437 746 hoc
465 704 621 751 dicam,
648 703 762 756 quod
789 711 875 744 tam
900 701 1002 741 mihi
1028 701 1133 741 dura
1159 701 1354 741 videntur

154 770 303 811 strata,
329 776 466 815 neque
492 761 535 801 in
559 760 668 801 lecto
693 758 820 813 pallia
845 767 987 798 nostra
1012 757 1173 806 sedent,

97 827 136 861 et
163 833 321 860 vacuus
348 831 494 859 somno
519 822 706 864 noctem,
734 829 862 869 quam
887 815 1034 868 longa,
1061 814 1220 868 peregi,

154 875 349 929 lassaque
374 873 529 916 versati
555 872 739 927 corporis
766 886 861 912 ossa
887 870 1054 911 dolent?

97 947 214 981 nam,
239 938 363 987 puto,
389 931 608 979 sentirem,
635 929 755 982 siquo
781 934 1010 983 temptarer
1035 941 1191 968 amore.

155 1004 208 1030 an
234 988 347 1030 subit
372 995 412 1030 et
437 995 548 1030 tecta
573 986 748 1028 callidus
775 992 862 1027 arte
888 984 1037 1026 nocet?

97 1046 156 1088 sic
181 1046 272 1088 erit.
332 1045 559 1087 haeserunt
584 1051 732 1085 tenues
756 1042 800 1083 in
826 1041 951 1083 corde
977 1040 1170 1095 sagittae,

156 1110 197 1145 et
220 1117 415 1158 possessa
439 1101 553 1143 ferus
579 1108 750 1156 pectora
775 1106 914 1141 versat
938 1099 1088 1138 Amor.

99 1159 312 1202 cedimus?
349 1173 403 1200 an
428 1158 614 1199 subitum
639 1157 837 1199 luctando
865 1155 1135 1197 accendimus
1160 1153 1330 1209 ignem?

155 1216 373 1258 cedamus:
400 1216 492 1257 leve
517 1215 581 1263 fit,
608 1214 722 1268 quod
749 1214 855 1255 bene
881 1212 1027 1260 fertur,
1054 1226 1174 1253 onus.

98 1273 184 1315 vidi
211 1287 290 1328 ego
314 1273 490 1314 iactatas
515 1278 630 1312 mota
654 1271 746 1312 face
773 1285 960 1312 crescere
985 1269 1192 1318 flammas,

156 1337 197 1372 et
222 1329 309 1371 vidi
334 1329 449 1370 nullo
476 1328 742 1370 concutiente
769 1327 888 1369 mori.

98 1387 275 1429 verbera
299 1386 422 1441 plura
447 1385 606 1433 ferunt,
633 1399 761 1439 quam
787 1399 894 1439 quos
919 1384 1036 1425 iuvat
1062 1398 1164 1425 usus
1194 1381 1334 1430 aratri,

156 1444 391 1486 'detractant
415 1443 549 1497 pressi
575 1442 676 1483 dum
701 1442 803 1496 iuga
828 1441 964 1497 prima
990 1441 1134 1482 boves.

100 1516 221 1556 asper
247 1514 379 1555 equus
406 1500 520 1541 duris
547 1499 819 1541 contunditur
844 1514 917 1539 ora
941 1497 1116 1553 lupatis:

156 1558 276 1600 frena
300 1557 439 1598 minus
466 1557 611 1605 sentit,
639 1555 829 1610 quisquis
856 1556 910 1596 ad
935 1570 1052 1595 arma
1077 1553 1192 1595 facit.

101 1614 237 1656 acrius
263 1614 416 1655 invitos
442 1613 660 1667 multoque
685 1612 865 1654 ferocius
892 1619 1065 1667 urguet,

156 1686 284 1725 quam
310 1670 383 1725 qui
408 1670 627 1711 servitium
653 1669 762 1711 ferre
789 1669 987 1718 fatentur,
1013 1668 1163 1708 Amor.

1412 212 1464 254 81

100 1744 152 1770 cn
179 1743 258 1783 ego
286 1752 338 1757 -
364 1727 565 1768 confiteor
589 1751 645 1755 -—
670 1735 742 1767 tua
769 1741 862 1767 sum
886 1740 997 1767 nova
1021 1725 1198 1780 praeda,
1227 1722 1416 1779 Cupido:

157 1784 412 1840 porrigimus
438 1784 570 1825 victas
597 1783 650 1824 ad
675 1792 748 1824 tua
771 1783 865 1823 iura
889 1797 1054 1823 manus.

100 1842 158 1884 nil
183 1856 288 1897 opus
315 1848 377 1883 est
402 1840 526 1882 bello.
586 1839 754 1881 veniam
778 1853 1012 1894 pacemque
1038 1852 1256 1894 rogamus:

157 1913 235 1940 nec
261 1898 337 1939 tibi
360 1898 453 1938 laus
480 1897 606 1938 armis
633 1897 769 1938 victus
794 1896 965 1937 inermis
992 1910 1075 1937 ero.

100 1964 220 1998 necte
247 1970 410 1996 comam
436 1962 593 2009 myrto,
619 1962 832 1994 maternas
857 1953 987 2008 iunge
1013 1950 1251 1993 columbas:

158 2013 230 2067 qui
256 2012 423 2060 deceat,
450 2026 620 2052 currum
645 2010 818 2051 vitricus
843 2010 933 2065 ipse
960 2009 1095 2050 dabit:

102 2071 227 2123 inque
253 2069 351 2110 dato
378 2083 522 2117 curru,
549 2067 706 2123 populo
732 2067 940 2108 clamante
966 2064 1264 2121 Triumphum,

158 2126 287 2168 stabis
312 2133 354 2167 et
379 2125 599 2166 adiunctas
625 2132 714 2166 arte
739 2124 929 2165 movebis
955 2138 1068 2164 aves.

103 2184 308 2225 ducentur
333 2182 445 2237 capti
469 2182 644 2223 iuvenes
671 2188 903 2236 captaeque
928 2180 1113 2235 puellae:

158 2240 262 2282 haec
288 2239 364 2280 tibi
389 2239 639 2293 magnificus
665 2252 822 2293 pompa
846 2236 1084 2291 triumphus
1110 2236 1201 2277 erit.

102 2297 191 2352 ipse
217 2311 316 2351 ego,
342 2296 501 2350 praeda
526 2309 691 2343 recens,
718 2294 878 2335 factum
903 2293 1029 2334 modo
1055 2293 1208 2333 vulnus
1234 2290 1400 2333 habebo

159 2362 200 2394 et
223 2368 335 2394 nova
362 2352 530 2406 captiva
554 2351 724 2392 vincula
748 2358 888 2392 mente
913 2350 1061 2391 feram.

102 2410 228 2451 Mens
252 2410 376 2449 Bona
400 2409 578 2450 ducetur
601 2407 796 2449 manibus
822 2414 918 2461 post
942 2414 1062 2461 terga
1086 2405 1252 2447 retortis

160 2476 201 2508 et
224 2466 373 2506 Pudor
398 2473 440 2506 et
464 2465 611 2506 castris
638 2463 845 2518 quidquid
870 2463 1043 2504 Amoris
1069 2462 1203 2504 obest.

103 2522 243 2565 omnia
268 2530 307 2563 te
333 2529 534 2563 metuent.
595 2520 648 2562 ad
674 2528 714 2561 tc
740 2535 818 2561 sua
841 2519 1039 2561 bracchia
1063 2519 1241 2560 tendens

161 2579 311 2634 volgus
338 2578 414 2619 ‘io’
441 2593 598 2633 magna
623 2591 726 2618 voce
753 2576 1027 2631 ‘Triumphe’
1054 2583 1188 2617 canet.

103 2636 341 2678 Blanditiae
368 2635 539 2677 comites
566 2634 641 2675 tibi
667 2641 788 2675 erunt
813 2633 1028 2688 Errorque
1052 2632 1288 2687 Furorque,

162 2692 336 2734 adsidue
361 2700 502 2747 partes
528 2691 653 2733 turba
678 2697 822 2732 secuta
847 2698 954 2732 tuas.

105 2750 168 2791 his
194 2758 239 2791 tu
265 2749 466 2790 militibus
494 2763 666 2804 superas
692 2747 968 2802 hominesque
994 2745 1193 2801 deosque.

176 2817 252 2844 Ovidi
271 2816 318 2843 vol.
333 2815 357 2842 I.
1226 2812 1248 2847 6

1495 544 1536 573 30

1500 1223 1541 1253 10

1501 1508 1540 1538 15

1501 1793 1544 1823 20

1500 2645 1542 2676 35
