1831 3168
380 239 534 275 ARTIS
559 240 864 276 AMATORIAE
889 241 984 275 Llss.
1013 241 1061 275 11.
1089 241 1257 277 94—181.

191 322 270 364 hac
296 336 374 377 ego
401 337 494 363 sum
521 322 653 378 captis
679 330 800 364 nocte
826 331 1017 364 revectus
1043 323 1189 377 equis.'

135 380 338 435 pluraque
365 379 586 434 pingebat,
614 379 776 421 subitus
803 394 897 420 cum
925 380 1135 435 Pergama
1161 380 1312 421 fluctus

193 436 361 477 abstulit
390 444 427 477 et
455 436 585 477 Rhesi
612 451 706 477 cum
734 437 839 478 duce
867 446 1002 477 eastra
1028 451 1117 477 suo.

134 501 222 533 tum
250 493 327 534 dea
354 493 497 546 ‘quas’
523 493 659 547 inquit
685 493 808 534 ‘fidas
835 494 910 534 tibi
936 494 1069 535 credis
1096 494 1218 542 ituro,

191 550 448 604 perdiderint
476 550 613 592 undae
639 550 807 591 nomina
832 559 1008 604 quanta,
1035 550 1195 591 vides?’

136 622 236 661 crgo
251 622 360 671 Mage,
388 606 526 648 fallaci
552 607 695 649 timide
722 607 884 649 confide
909 607 1083 662 figurae,

191 664 379 717 quisquis
406 678 471 711 es,
500 672 572 705 aut
597 664 756 729 aliquid
783 678 955 719 corlwoie
980 663 1112 718 pluris
1137 662 1258 704 habe.
1285 687 1340 692 —

134 719 289 762 dexter
283 736 306 761 a
332 735 389 775 pr
383 720 555 775 ιοοὶριιο
582 721 693 776 capit
718 721 979 776 indulgentia
1005 727 1183 761 mentes:

190 777 391 832 asperitas
418 777 561 818 odium
587 792 796 832 saevaque
822 777 932 819 bella
957 791 1053 817 mov
1058 786 1111 817 et.

135 834 299 875 odimus
327 834 712 889 accipit1e111,quia
737 834 840 875 vivit
865 848 1030 889 semper
1054 833 1096 874 in
1122 833 1262 881 armis,

193 898 233 932 et
258 890 457 945 pavidum
485 891 661 932 solitos
652 907 694 932 111
724 906 853 946 pecus
879 891 938 932 ire
968 891 1103 945 lupos.

134 956 174 989 at
201 956 313 989 caret
338 947 498 989 insidiis
524 948 763 996 hominum,
789 948 889 1001 quia
914 947 1044 996 mitis,
1071 946 1264 996 hirundo,

190 1019 378 1059 quasque
405 1006 511 1046 eolat
539 1014 692 1054 turres,
720 1004 906 1046 Chaonis
932 1005 1017 1046 ales
1043 1003 1183 1045 habet.

131 1069 219 1103 este
246 1062 411 1116 procul,
436 1062 529 1103 lites
555 1071 593 1104 et
620 1077 786 1103 amarae
811 1061 969 1116 praelia
993 1061 1182 1115 linguae:

191 1118 385 1160 dulcibus
412 1127 473 1160 cst
499 1118 638 1161 verbis
663 1119 799 1160 mollis
826 1118 1002 1160 alendus
1029 1133 1158 1159 amor.

130 1175 203 1217 lite
229 1175 378 1230 fugent
402 1183 644 1231 nuptaeque
670 1176 780 1217 viros
806 1184 1043 1231 nuptasque
1069 1174 1207 1216 mariti

189 1232 316 1285 inque
342 1232 476 1274 vicem
502 1232 673 1275 credant
698 1247 763 1274 res
792 1233 871 1273 sibi
898 1247 1064 1287 semper
1089 1232 1170 1287 agi.

130 1289 210 1330 hoc
236 1289 356 1330 decet
380 1304 551 1339 uxores3
579 1290 653 1331 dos
679 1297 741 1331 est
766 1289 914 1331 uxoria
939 1289 1051 1331 lites:

188 1345 331 1387 audiat
356 1353 519 1401 optatos
547 1362 713 1402 semper
738 1347 873 1388 amica
898 1361 1035 1388 sonos.

129 1417 215 1445 non
239 1402 380 1457 legis
369 1418 487 1445 lussu
512 1404 668 1445 lectum
694 1404 867 1446 venistis
893 1404 935 1445 in
961 1418 1112 1445 unum:

188 1459 415 1514 fungitur
405 1476 448 1502 m
474 1460 593 1502 vobis
620 1477 792 1503 munere
818 1461 924 1516 legis
950 1475 1080 1501 amor.

131 1516 354 1558 blanditias
380 1517 526 1559 molles
552 1532 783 1572 auremque
809 1518 996 1559 iuvantia
1021 1516 1151 1559 verba

188 1573 319 1622 adfer,
346 1582 393 1615 ut
417 1574 601 1615 adventu
626 1575 736 1616 laeta
763 1574 812 1616 sit
839 1575 910 1615 illa
935 1583 1020 1615 tuo.
1046 1598 1103 1603 ——

129 1644 214 1671 non
241 1644 319 1685 ego
346 1630 545 1672 divitibus
571 1631 693 1672 venio
719 1639 966 1686 praeceptor
992 1630 1178 1672 amandi:

187 1687 245 1728 nil
271 1702 377 1741 opus
404 1696 466 1729 est
490 1688 567 1737 illi,
594 1688 667 1742 qui
693 1688 829 1738 dabit,
856 1698 942 1730 arte
968 1703 1074 1729 mea.

1425 233 1506 275 163

130 1758 273 1786 secum
298 1744 425 1786 habet
450 1744 685 1800 ingenium,
713 1745 802 1800 qui,
830 1760 925 1787 cum
950 1745 1073 1794 libet,
1099 1743 1282 1798 ‘accipe'
1309 1743 1422 1786 dicit.

187 1801 393 1843 ccdimus:
420 1801 599 1843 inventis
624 1802 720 1857 plus
745 1803 883 1857 placet
906 1802 976 1844 ille
1002 1802 1118 1843 meis.

127 1858 385 1913 pauperibus
411 1867 527 1900 vates
553 1873 632 1914 ego
659 1874 771 1909 sum,
797 1859 897 1913 quia
921 1873 1083 1914 pauper
1108 1858 1264 1899 amavi:

187 1930 283 1957 cum
309 1915 408 1956 dare
432 1930 517 1956 non
543 1930 711 1971 possem
736 1931 930 1964 munera,
956 1915 1086 1957 verba
1112 1915 1278 1956 dabam.

127 1986 291 2027 pauper
315 1979 426 2013 amet
452 1980 592 2022 caute,
618 1973 763 2014 timeat
788 1973 1038 2015 maledicere
1063 1987 1238 2027 pauper,

185 2029 402 2082 multaque
428 2029 629 2070 divitibus
654 2042 739 2071 non
763 2030 962 2085 patienda
987 2030 1107 2071 ferat.

127 2100 195 2127 me
220 2086 393 2127 memini
417 2086 571 2128 iratum
596 2086 790 2128 dominae
816 2087 1008 2129 turbasse
1034 2087 1224 2141 capillos:

185 2142 289 2184 haee
314 2142 417 2183 mihi
441 2157 569 2197 quam
593 2144 746 2185 multos
772 2144 945 2186 abstulit
968 2144 1029 2185 ira
1055 2144 1161 2185 dies!

128 2213 205 2240 nee
231 2206 333 2253 puto
358 2214 436 2240 nec
462 2200 573 2241 sensi
598 2200 784 2241 tunicam
809 2201 1009 2249 laniasse3
1036 2200 1110 2242 sed
1135 2201 1227 2255 ipsa

186 2255 369 2305 dixerat,
397 2263 437 2297 et
462 2257 596 2310 pretio
623 2266 685 2297 est
711 2257 781 2298 illa
806 2257 1022 2312 redempta
1048 2271 1155 2298 meo.

129 2320 171 2353 at
195 2327 289 2361 vos,
316 2312 350 2353 si
376 2312 540 2367 sapitis,
567 2313 695 2354 vestri
720 2322 895 2368 peccata
919 2313 1112 2368 magistri

185 2368 360 2424 effugite
386 2377 426 2410 et
451 2370 600 2424 culpae
626 2369 779 2411 damna
804 2371 946 2412 timete
971 2385 1103 2412 meae.

126 2425 284 2481 praelia
309 2440 406 2467 eum
429 2425 618 2475 Parthis,
645 2441 742 2468 cum
767 2427 879 2469 culta
903 2442 987 2482 pax
1012 2427 1065 2467 sit
1089 2427 1223 2468 amica

185 2491 226 2524 et
250 2482 383 2532 iocus,
412 2491 453 2524 et
477 2497 624 2524 causas
650 2484 852 2538 quicquid
877 2484 1029 2525 amoris
1054 2483 1194 2525 habet.

128 2540 161 2580 si
186 2553 264 2580 nee
290 2539 444 2580 blanda
470 2540 569 2580 satis
595 2554 672 2582 nec
698 2540 775 2582 erit
801 2541 876 2582 tibi
903 2540 1032 2582 comis
1058 2541 1229 2590 amanti,

184 2595 324 2650 perfer
349 2604 388 2637 et
415 2596 560 2637 obdui
553 2612 594 2637 a:
620 2597 842 2651 postmodo
868 2598 979 2639 mitis
1006 2597 1095 2640 erit.

126 2652 308 2693 flectitur
333 2652 536 2716 obsequio
562 2661 759 2695 curvatus
784 2654 838 2695 ab
863 2655 1011 2697 arbore
1037 2670 1198 2704 ramus3

182 2707 362 2762 frangis,
389 2708 424 2749 si
448 2708 557 2750 vires
582 2710 796 2764 experiere
823 2718 929 2752 tuas.

124 2742 328 2818 obsequio
354 2770 573 2807 tranantur
597 2780 750 2821 aquae3
777 2781 854 2810 nec
880 2767 1047 2810 vincere
1073 2767 1210 2824 possis

1203 2835 1269 2870 ll‘

1535 451 1548 480 1
1563 451 1598 481 40

1534 734 1596 763 143

1534 1017 1597 1047 ΜΟ

1534 1302 1596 1333 1ζώ

1530 1588 1594 1618 160

1531 1872 1593 1902 165

1531 2160 1593 2189 1ῖο

1526 2443 1589 2473 Ιῖξ)

1526 2726 1589 2758 180
