1831 3168
337 231 420 274 100
793 240 837 275 P.
866 240 1011 277 OVIDI
1036 239 1254 276 NASONIS

334 323 527 365 conscius
553 338 645 366 esse
671 323 796 373 velis3
823 322 994 364 domina
1019 330 1080 365 est
1107 321 1291 364 obnoxia
1315 337 1450 365 servo.

391 380 584 422 conscius
611 395 702 422 esse
728 380 875 422 times?
913 380 1178 421 dissimulare
1203 379 1313 421 licet.

334 438 489 493 scripta
513 437 627 493 leget
652 451 816 480 secum:
842 444 1019 479 matrem
1044 437 1208 478 misisse
1233 443 1394 491 putato.

266 509 307 539 20
389 494 552 536 venerit
576 494 767 550 ignotus:
793 494 1018 550 postmodo
1043 502 1169 535 notus
1195 493 1285 535 erit.

331 551 408 592 ibit
434 551 488 592 ad
514 551 748 601 adfectam,
774 566 884 606 quae
909 566 996 592 non
1021 550 1261 606 languebit,
1288 550 1485 592 amicam:

388 608 516 649 visat!
553 608 720 650 iudiciis
745 624 874 664 aegra
899 609 952 650 sit
977 608 1048 649 illa
1074 608 1170 650 tuis.

332 666 366 707 si
390 665 517 707 faciet
542 665 681 708 tarde:
707 681 761 708 nc
786 674 826 708 te
852 681 970 707 mora
994 666 1123 721 longa
1147 665 1312 720 fatiget,

387 723 570 778 inposita
595 723 756 779 gremio
783 730 957 766 stertere
982 723 1119 765 fronte
1146 730 1279 778 potes.

264 794 304 825 ‘25
330 795 409 822 nec
434 790 500 829 tu,
526 780 747 836 linigeram
774 781 863 822 fieri
890 780 992 835 quid
1018 780 1150 835 possit
1175 779 1228 820 ad
1255 778 1372 828 Isim,

389 837 638 892 quaesieris,
665 852 744 879 nec
768 846 814 879 tu
840 852 970 879 curva
995 837 1158 879 theatra
1183 837 1295 878 time.

332 894 525 936 conscius
551 895 751 936 adsiduos
777 895 988 936 commissi
1014 894 1131 936 tollet
1156 893 1350 934 honores.

389 951 483 1006 quis
508 951 645 993 minor
670 959 732 993 est
758 960 919 1001 autem,
946 966 1073 1005 quam
1099 950 1300 998 tacuisse,
1327 949 1474 991 labor?

330 1009 399 1050 ille
425 1009 563 1064 placet
588 1016 813 1063 versatque
839 1009 1032 1057 domum,
1057 1022 1196 1061 neque
1222 1006 1400 1048 verbera
1425 1005 1573 1048 sentit:

263 1080 305 1111 30
388 1066 457 1107 ille
482 1073 651 1121 potens3
679 1066 748 1107 alii
774 1066 943 1107 sordida
968 1065 1093 1106 turba
1117 1065 1268 1106 iacent.

330 1123 448 1172 huic,
474 1138 599 1165 verae
625 1130 672 1164 ut
695 1123 854 1165 lateant.
879 1138 1052 1172 causae,
1077 1122 1297 1177 finguntur
1321 1120 1489 1162 inanes:

389 1188 515 1234 atque
542 1180 667 1221 ambo
694 1180 871 1231 domini,
897 1180 1012 1234 quod
1037 1179 1188 1234 probat
1212 1193 1320 1228 una,
1345 1177 1541 1233 probant.

331 1252 427 1279 cum
453 1237 560 1279 bene
585 1237 649 1278 vir
673 1237 799 1278 traxit
822 1237 984 1279 vultum
1009 1251 1224 1291 rugasque
1250 1236 1403 1291 coegit,

388 1294 502 1348 quod
527 1294 660 1335 voluit
683 1294 774 1336 fieri
799 1294 955 1335 blanda
979 1294 1139 1349 puella,
1165 1293 1279 1334 facit.

262 1367 302 1396 35
329 1351 405 1393 sed
430 1359 572 1392 tamen
596 1351 808 1393 interdum
833 1358 974 1394 tecum
1000 1364 1168 1405 quoque
1193 1349 1333 1405 iurgia
1356 1356 1499 1392 nectat

388 1415 428 1450 et
454 1408 623 1450 simulet
646 1409 840 1450 lacrimas
867 1408 1191 1461 carnificemque
1216 1414 1351 1448 vocet.

330 1472 376 1506 tu
402 1473 548 1507 contra
573 1465 749 1515 obicies,
775 1480 884 1520 quae
911 1473 1001 1507 tuto
1028 1465 1161 1506 diluat
1184 1464 1268 1505 illa.

387 1523 430 1564 in
455 1537 604 1564 verum
628 1522 736 1563 falso
762 1522 936 1564 crimine
962 1522 1083 1564 deme
1108 1521 1248 1562 fidem.

331 1579 390 1621 sic
415 1579 492 1621 tibi
518 1594 685 1634 semper
709 1579 864 1628 honos,
891 1580 949 1621 sic
975 1579 1059 1620 alta
1084 1578 1250 1633 peculia
1276 1584 1477 1620 crescent.

260 1651 304 1682 40
387 1637 493 1678 haec
518 1635 604 1678 fac:
630 1636 674 1677 in
700 1636 856 1692 exiguo
882 1644 1071 1691 tempore
1095 1635 1202 1676 liber
1228 1634 1321 1676 eris.

330 1693 482 1749 aspicis
538 1693 749 1735 indicibus
774 1709 904 1735 nexas
930 1708 1006 1748 per
1031 1693 1138 1735 colla
1163 1692 1359 1733 catenas?

387 1750 606 1806 squalidus
632 1751 736 1792 orba
759 1751 842 1792 fide
867 1758 1040 1806 pectora
1065 1764 1208 1791 carcer
1233 1748 1374 1790 habet.

329 1808 494 1863 quaerit
519 1822 652 1862 aquas
678 1808 721 1848 in
747 1808 868 1861 aquis
895 1816 936 1849 et
960 1822 1087 1863 poma
1111 1806 1284 1862 fugacia
1308 1812 1450 1861 captat

387 1865 613 1906 Tantalus:
640 1864 720 1906 hoc
745 1865 804 1905 illi
828 1866 1000 1920 garrula
1024 1865 1172 1919 lingua
1197 1863 1324 1904 dedit.

260 1937 303 1966 45
330 1922 431 1963 dum
456 1921 633 1962 nimium
659 1929 800 1963 servat
825 1930 966 1963 custos
991 1921 1197 1962 Iunonius
1225 1920 1317 1969 Ion,

388 1986 484 2020 ante
509 1992 609 2020 suos
634 1993 767 2019 annos
793 1978 965 2027 occidit.;
990 1978 1062 2019 illa
1087 1977 1218 2018 deast.

330 2035 417 2077 vidi
442 2050 522 2090 ego
549 2035 825 2090 compedibus
851 2035 1024 2076 liventia
1048 2049 1171 2076 crura
1196 2040 1429 2088 gerentem,

386 2093 499 2135 unde
524 2092 589 2133 vir
612 2092 821 2134 incestum
846 2092 952 2134 scire
978 2099 1147 2133 coactus
1173 2098 1274 2132 erat.

329 2164 467 2206 poena
492 2149 629 2190 minor
652 2149 820 2191 merito:
847 2149 990 2190 nocuit
1016 2149 1128 2189 mala
1151 2148 1299 2201 lingua
1323 2147 1488 2189 duobus
1497 2163 1509 2196 3

262 2221 304 2251 50
388 2206 450 2247 vir
476 2206 628 2256 doluit,
654 2207 792 2248 famae
819 2206 974 2247 damna
999 2205 1141 2261 puella
1165 2205 1273 2246 tulit.

331 2264 453 2306 crede
479 2263 601 2313 mihi,
626 2263 731 2305 nulli
757 2270 855 2305 sunt
880 2263 1055 2304 crimina
1079 2269 1202 2317 grata
1226 2261 1390 2312 marito,

386 2335 464 2363 nec
489 2335 766 2375 quemquam,
792 2321 986 2375 quamvis
1012 2319 1175 2370 audiat,
1200 2318 1272 2360 illa
1296 2319 1457 2360 iuvant.

330 2393 404 2420 seu
429 2385 563 2434 tepet,
588 2378 792 2419 indicium
819 2393 987 2420 securas
1012 2376 1153 2432 perdis
1179 2375 1233 2417 ad
1258 2390 1400 2417 aures:

387 2435 475 2477 sive
500 2442 633 2485 amat,
658 2435 797 2476 officio
822 2435 869 2476 fit
893 2434 1021 2476 miser
1045 2433 1114 2475 ille
1140 2440 1227 2474 tuo.

262 2506 303 2536 55
330 2493 455 2547 culpa
479 2507 558 2534 nec
584 2508 635 2534 ex
660 2492 774 2534 facili
799 2492 994 2547 quamvis
1019 2490 1244 2532 manifesta
1267 2489 1488 2545 probatur:

386 2549 536 2591 iudicis
561 2550 633 2591 illa
659 2549 723 2590 sui
748 2556 840 2590 tuta
863 2549 1010 2590 favore
1035 2548 1162 2589 venit.

329 2606 479 2648 viderit
503 2607 594 2663 ipse
617 2606 735 2656 licet,
762 2607 903 2649 credet
927 2614 1069 2647 tamen
1093 2605 1162 2646 ille
1186 2603 1360 2659 neganti

387 2663 688 2717 damnabitque
714 2663 858 2705 oculos
884 2670 925 2705 et
950 2662 1030 2704 sibi
1054 2661 1186 2704 verba
1211 2660 1340 2701 dabit.

327 2719 503 2775 aspiciet
561 2720 757 2762 dominae
781 2721 996 2768 lacrimas,
1022 2718 1205 2774 plorabit
1230 2724 1271 2759 et
1294 2717 1385 2774 ipse

262 2789 305 2821 60
388 2784 428 2818 et
454 2776 565 2818 dicet
589 2781 766 2833 ‘poenas
792 2777 988 2832 garrulus
1013 2776 1091 2818 iste
1117 2773 1273 2816 dabitl'
