1831 3168
414 214 568 250 ARTls
593 214 898 250 AMATORIAE
924 213 1019 248 Lm.
1047 213 1076 249 1.
1103 213 1296 248 518—605.
1462 200 1547 244 155

231 296 416 338 abstulit.
476 297 519 337 in
544 296 657 338 facili
684 304 746 339 est
771 296 912 338 omnia
936 310 1058 351 posse
1084 294 1176 337 deo.

171 369 268 410 pars
294 354 586 408 ‘Hymenaee’
613 363 789 403 canunt,
816 368 912 408 pars
938 353 1119 395 clamant
1145 350 1316 392 Euhion
1343 347 1552 391 ‘Euhoef'

229 410 289 452 sic
315 420 468 452 coeunt
492 425 610 452 sacro
636 420 769 465 nupta
794 410 982 464 deusque
1008 418 1112 450 toro.
1138 432 1195 437 —

173 482 274 522 ergo
301 467 373 508 ubi
400 468 651 522 contigerint
676 467 799 523 positi
825 467 900 508 tibi
926 481 1102 507 munera.
1128 464 1302 513 Bacchi,
1569 475 1638 506 565

232 532 357 578 atquc
384 524 461 565 erit
486 524 528 565 in
554 524 656 566 socii
681 524 838 566 semina
862 532 980 579 parte
1006 523 1099 571 tori,

171 581 499 636 Nycteliumque
526 590 688 636 patrem
714 589 1003 633 nocturnaque
1029 594 1148 621 sacra
1172 592 1358 634 precare,

229 653 281 679 ne
307 637 479 679 iubcant
505 638 632 692 capiti
658 637 755 678 vina
779 651 929 678 nocere
957 647 1042 677 tuo.

173 693 239 736 hic
265 694 340 735 tibi
365 694 498 735 multa
522 694 618 735 licet
644 709 836 735 sermone
864 693 1036 734 latentia
1061 699 1171 733 tecto

230 751 389 800 dicere,
415 765 524 804 quac
551 751 631 792 dici
658 751 809 792 sentiat
833 750 904 790 illa
929 749 1022 797 sibi,
1570 759 1640 789 5ῖο

173 807 483 861 blanditiasque
509 808 623 849 leves
650 807 765 849 tenui
790 805 1047 862 perscribere
1073 804 1184 852 vino,

229 873 275 906 ut
301 864 514 905 dominam
540 865 582 905 in
608 879 754 906 mensa
778 879 822 905 se
847 863 960 918 legat
984 862 1055 902 illa
1079 871 1212 910 tuam,

172 929 297 975 atque
324 921 467 962 oculos
493 921 624 962 oculis
650 928 840 976 spectare
865 918 1094 960 fatentibus
1119 918 1281 972 ignem:

229 993 354 1033 saepe
380 986 522 1019 tacens
549 992 696 1019 vocem
722 977 933 1030 verbaque
958 975 1096 1016 vultus
1122 974 1261 1016 habet.

172 1034 240 1077 fac
265 1035 425 1090 primus
451 1035 589 1090 rapias
614 1034 725 1075 illius
751 1042 862 1074 tacta
886 1032 1048 1074 labellis
1572 1043 1639 1073 575

229 1092 402 1147 pocula3
429 1106 597 1145 quaque
623 1090 729 1132 bibit
754 1099 872 1145 parte
897 1089 1058 1144 puella,
1085 1088 1224 1130 bibes:

173 1158 214 1190 et
238 1162 550 1203 quemcumque
576 1147 716 1189 cibum
743 1146 884 1202 digitis
910 1146 1104 1188 libaverit
1127 1145 1212 1194 illa,

230 1213 276 1246 tu
302 1213 416 1260 pete:
444 1205 629 1259 dumque
654 1213 791 1260 petes,
818 1204 870 1244 sit
895 1203 971 1244 tibi
996 1211 1108 1244 tacta
1133 1216 1298 1243 manus.

173 1263 256 1304 sint
280 1262 407 1303 etiam
433 1270 506 1303 tua
530 1271 648 1310 vota,
675 1261 764 1302 viro
789 1260 997 1316 placuisse
1022 1260 1206 1315 puellae:

228 1319 371 1360 utilior
396 1318 515 1360 vobis
541 1318 678 1359 factus
704 1318 863 1359 amicus
889 1317 979 1359 erit.
1572 1327 1642 1358 580

170 1375 290 1426 huic,
316 1375 351 1417 si
377 1384 485 1417 sorte
511 1375 641 1424 bibis,
668 1383 822 1417 sortem
848 1373 1030 1416 concede
1056 1373 1255 1429 priorem:

229 1432 327 1475 huic
353 1433 474 1474 detur
499 1432 626 1488 capiti
652 1433 780 1474 missa
805 1446 960 1474 corona
984 1439 1070 1472 tuo.

174 1490 261 1531 sive
287 1489 364 1531 erit
388 1489 573 1537 inferior,
600 1504 673 1531 seu
699 1504 788 1544 par,
814 1489 928 1544 prior
953 1488 1094 1529 omnia
1121 1494 1272 1535 sumat,

228 1560 308 1588 nec
334 1546 499 1587 dubites
524 1546 583 1586 illi
610 1546 738 1587 verba
764 1545 949 1587 secunda
971 1544 1100 1598 loqui.

172 1611 264 1646 tuta
288 1603 572 1657 frequensque
598 1602 666 1643 via
692 1612 773 1651 est,
800 1617 875 1657 per
900 1601 1023 1642 amici
1047 1601 1192 1641 fallere
1218 1614 1385 1642 nomen.
1572 1610 1641 1642 585

230 1668 322 1702 tuta
346 1660 630 1714 frequensque
655 1659 751 1700 licet
777 1660 827 1700 sit
853 1659 940 1708 via,
967 1658 1124 1699 crimen
1148 1657 1289 1698 habet.

172 1718 270 1759 inde
295 1724 542 1772 procurator
566 1716 742 1756 nimium
768 1730 935 1770 quoque
963 1716 1095 1756 multa
1119 1722 1317 1769 procurat

231 1783 272 1816 et
298 1774 377 1815 sibi
402 1773 611 1814 mandatis
636 1773 758 1828 plura
784 1772 966 1814 videnda
990 1780 1122 1827 putat.

175 1840 288 1873 certa
312 1830 388 1872 tibi
414 1846 438 1871 a
462 1830 583 1870 nobis
609 1830 779 1870 dabitur
804 1844 1000 1870 mensura
1026 1828 1218 1869 bibendi:

231 1887 418 1929 officium
444 1896 657 1942 praestent
681 1901 884 1940 mensque
909 1886 1122 1941 pedesque
1149 1899 1285 1926 suum.
1574 1894 1645 1925 590

173 1945 310 2000 iurgia
335 1943 560 1999 praecipue
586 1943 683 1984 vino
710 1943 922 1984 stimulata
948 1951 1095 1984 caveto

231 2012 271 2043 et
296 2001 472 2042 nimium
498 2000 642 2042 faciles
668 2000 722 2041 ad
747 2000 837 2041 fera
863 2000 972 2041 bella
998 2013 1162 2040 manus.

173 2059 326 2101 occidit
351 2057 562 2112 Eurytion
589 2057 714 2098 stulte
741 2057 840 2098 data
866 2057 964 2097 vina
989 2056 1185 2097 bibendo.

230 2116 366 2170 aptior
391 2124 454 2156 est
480 2114 592 2156 dulci
619 2129 765 2155 mensa
788 2128 1037 2164 merumque
1062 2113 1167 2153 ioco.

175 2173 207 2214 si
234 2186 317 2213 vox
343 2181 425 2219 est,
451 2180 592 2211 canta:
620 2171 655 2211 si
681 2170 823 2211 mollia
859 2170 1051 2217 brachia,
1090 2169 1214 2210 salta:
1576 2179 1644 2210 595

232 2237 271 2270 et
298 2242 565 2281 quacumque
591 2239 710 2281 potes
737 2227 832 2267 dote
858 2228 1044 2280 placere,
1071 2225 1202 2279 place.

176 2285 354 2327 ebrietas
380 2292 426 2324 ut
452 2298 552 2325 vera
577 2292 720 2330 nocet,
747 2283 806 2323 sic
831 2283 929 2323 ficta
953 2281 1140 2322 iuvabit:

231 2342 300 2383 fac
324 2340 476 2382 titubet
501 2340 644 2381 blaeso
671 2339 850 2380 subdola
873 2339 1020 2393 lingua
1045 2352 1161 2386 sono,

176 2408 240 2447 ut,
267 2396 469 2453 quicquid
495 2396 625 2437 facias
652 2396 820 2437 dicasve
846 2395 1080 2450 protervius
1107 2409 1256 2448 aequo,

234 2455 430 2497 credatur
453 2453 630 2494 nimium
656 2467 783 2494 causa
807 2452 936 2494 fuisse
963 2467 1139 2494 merum.
1578 2463 1646 2494 600

178 2523 215 2555 et
243 2513 350 2554 bene
376 2511 443 2552 dic
469 2510 683 2551 dominae:
710 2510 837 2557 bene,
866 2524 962 2550 cum
988 2523 1072 2563 quo
1099 2507 1279 2549 dormiat
1303 2507 1392 2549 illa:

235 2569 328 2618 sed,
353 2568 463 2609 male
489 2568 561 2616 sit,
587 2567 712 2608 tacita
738 2575 877 2608 mente
902 2581 1094 2621 precare,
1120 2566 1223 2606 viro.

179 2638 219 2667 at
247 2641 344 2667 cum
370 2624 556 2666 discedet
582 2638 727 2665 mensa
752 2623 930 2664 conviva
954 2632 1126 2671 remota,

236 2683 328 2737 ipsa
353 2682 429 2723 tibi
454 2695 648 2723 accessus
675 2680 798 2721 turba
822 2680 1045 2734 locumque
1071 2679 1202 2720 dabit,

180 2739 315 2781 insere
341 2747 380 2781 te
406 2738 554 2780 turbae
580 2738 810 2792 leviterque
837 2737 1030 2778 admotus
1057 2736 1172 2778 eunti
1576 2747 1642 2778 605
