1831 3168
402 252 623 289 AMORUM
647 253 743 287 LIB.
771 253 837 287 III.
866 252 969 296 VIII,
995 251 1153 295 ets-IX,
1179 251 1233 285 42.

114 451 347 492 Memnona
372 448 405 489 si
432 456 577 496 mater,
603 456 736 489 mater
761 448 938 502 ploravit
964 446 1188 494 Achillem,

172 514 212 547 et
238 513 416 560 tangunt
442 519 617 559 magnas
642 505 774 545 tristia
799 505 886 545 fata
912 504 1025 552 deas,

116 563 266 605 flebilis
291 562 506 617 indignos,
532 561 728 615 Elegeia,
755 561 868 601 solve
895 561 1086 615 capillos:

173 636 215 667 a,
242 618 364 659 nimis
391 634 443 660 cx
468 632 566 659 vero
592 632 704 659 nunc
729 617 804 658 tibi
830 632 982 658 nomen
1008 616 1102 657 eritl

115 676 183 717 ille
210 676 270 716 tui
295 683 411 716 vates
437 674 594 729 ope1·iS‚
621 682 693 715 tua
718 674 849 721 sama,
875 673 1070 714 Tibullus

173 732 291 773 ardet
315 731 358 772 in
384 738 593 780 extructo,
620 745 771 786 corpus
796 731 941 778 inane,
967 743 1084 781 rogo.

116 803 232 837 0000,
259 803 363 843 puer
388 788 565 830 Veneris
591 787 670 828 fert
697 800 968 839 eversamque
994 785 1235 840 pharetram

173 853 213 886 et
237 846 391 886 fractos
417 859 538 884 arcus
564 852 605 885 et
630 844 718 884 sine
743 844 836 884 lucc
861 842 1010 882 facem.

116 900 277 956 aspice,
333 900 523 942 demissis
549 908 595 940 ut
621 909 687 942 eat
711 899 958 940 miserabilis
985 898 1061 938 alis

173 966 426 1013 pectoraque
452 957 604 998 infesta
629 957 777 997 tundat
802 963 945 1010 aperta
970 969 1110 994 manu.

116 1015 332 1069 excipiunt
356 1014 548 1054 lacrimas
574 1013 705 1068 sparsi
730 1027 804 1067 per
829 1012 935 1053 colla
960 1010 1111 1065 capilli,

175 1085 331 1125 oraque
357 1070 544 1125 singultu
569 1070 831 1111 concutiente
858 1075 1019 1109 sonant.

116 1128 256 1169 fratris
281 1127 324 1168 in
349 1128 522 1168 Aeneae
548 1126 606 1168 sic
629 1126 747 1167 illum
773 1125 919 1166 funere
946 1124 1091 1165 dicunt

175 1199 392 1240 egressum
417 1183 556 1232 tectis,
583 1182 758 1238 pulcher
782 1182 893 1231 Iule,
920 1181 1015 1222 tuis.

117 1256 195 1283 nec
219 1241 358 1282 minus
384 1248 447 1281 est
472 1239 648 1281 confusa
671 1239 819 1280 Venus
844 1238 1046 1279 moriente
1071 1236 1255 1284 Tibullo,

152 1313 155 1315 ’
175 1312 302 1352 quam
326 1296 469 1338 iuveni
492 1296 605 1350 rupit
630 1310 726 1337 cum
751 1295 865 1336 ferus
891 1295 1049 1349 inguen
1075 1309 1187 1350 aper.

117 1362 158 1396 at
184 1354 292 1395 sacri
316 1360 434 1394 vates
459 1360 501 1394 et
525 1353 669 1393 divum
695 1366 796 1393 cura
826 1351 1038 1393 vocamur!

175 1418 272 1452 sunt
297 1410 442 1459 etiam,
469 1410 540 1463 qui
565 1423 642 1450 nos
667 1424 823 1450 numen
848 1408 1003 1450 habere
1028 1407 1196 1464 putent!

119 1467 276 1509 scilicet
300 1481 423 1508 omne
449 1481 614 1508 sacrum
639 1480 750 1506 mors
774 1466 999 1520 inportuna
1023 1464 1232 1520 profanat,

175 1523 369 1565 omnibus
395 1523 596 1564 obscuras
621 1522 737 1563 inicit
762 1522 833 1563 illa
857 1537 1019 1563 manus.

118 1581 219 1635 quid
244 1588 363 1635 pater
388 1579 584 1628 Ismario,
611 1579 714 1632 quid
738 1587 873 1619 mater
897 1578 1074 1633 profuit,
1101 1576 1302 1632 Orpheo?

176 1637 359 1679 carmine
384 1635 487 1689 quid
512 1635 642 1676 victas
669 1635 921 1689 obstipuisse
946 1635 1085 1676 feras?

117 1695 285 1736 aelinon
309 1693 352 1734 in
378 1692 490 1733 silvis
514 1692 625 1733 idem
651 1700 784 1746 pater,
810 1691 993 1741 aelmon,
1019 1691 1113 1732 altis

176 1751 328 1792 dicitur
351 1749 482 1790 invita
507 1748 767 1790 concinuisse
792 1749 896 1803 lyra.

118 1808 236 1850 adice
261 1805 539 1853 Maeoniden,
565 1820 589 1845 a
613 1819 716 1858 quo,
743 1820 820 1846 ceu
844 1805 959 1846 fonte
984 1804 1171 1860 perenni,

175 1871 321 1905 vatum
345 1862 496 1904 Pieriis
522 1876 595 1902 ora
618 1861 809 1915 rigantur
834 1862 972 1915 aquis:

117 1921 230 1962 hunc
255 1933 424 1974 quoque
450 1933 615 1959 summa
640 1918 727 1959 dies
752 1918 873 1973 nigro
901 1917 1124 1959 submersit
1148 1917 1340 1958 Averno:

175 1976 403 2031 diffugiunt
429 1975 574 2016 avidos
600 1974 786 2015 carmina
811 1975 900 2016 sola
924 1989 1063 2030 rogos.

106 2035 242 2082 ,durat
267 2048 372 2088 opus
398 2039 562 2080 vatum,
589 2031 761 2072 Troiani
786 2031 900 2072 fama
924 2031 1093 2081 laboris,

176 2090 380 2144 tardaque
405 2097 609 2130 nocturno
636 2089 719 2129 tela
743 2096 905 2130 retexta
931 2088 1045 2129 dolo:

121 2148 180 2189 sic
204 2146 396 2188 Nemesis
421 2146 614 2200 longum,
641 2145 700 2186 sic
726 2145 852 2186 Delia
875 2159 1029 2186 nomen
1053 2144 1284 2193 habebunt,

179 2204 309 2244 altera
334 2217 435 2244 eura
459 2216 624 2250 recem,
651 2202 781 2243 altera
806 2202 964 2256 primus
991 2215 1120 2242 amor.

120 2260 224 2315 quid
248 2273 322 2300 vos
349 2273 467 2300 sacra
490 2258 660 2299 iuvant?
697 2258 798 2311 quid
822 2273 934 2299 nunc
959 2257 1176 2312 Aegyptia
1199 2264 1376 2311 prosunt

180 2316 326 2358 sistra?
364 2315 465 2368 quid
489 2314 532 2354 in
557 2329 690 2355 vacuo
717 2314 959 2356 secubuisse
984 2314 1100 2354 toro?

122 2389 219 2415 cum
244 2372 413 2427 rapiunt
437 2371 547 2411 mala
572 2370 660 2412 fata
685 2371 835 2419 bonos,
860 2394 916 2399 -—
939 2370 1144 2425 ignoscite
1169 2369 1281 2411 fasso
1306 2394 1363 2399 —

181 2429 378 2471 sollicitor
401 2428 539 2469 nullos
564 2442 654 2469 esse
679 2435 829 2482 putare
854 2427 968 2468 deos.

123 2487 219 2528 vive
244 2486 357 2541 pius:
384 2484 560 2525 moriere
586 2484 693 2538 pius.
754 2484 843 2525 cole
869 2498 1006 2524 sacra:
1033 2483 1239 2524 colentem

181 2557 292 2583 mors
318 2541 458 2597 gravis
484 2556 508 2581 a
532 2541 697 2595 templis
721 2540 763 2581 in
790 2555 893 2581 cava
918 2540 1042 2580 busta
1066 2539 1214 2580 trahet.

125 2599 381 2641 carminibus
408 2597 569 2639 confide
595 2597 735 2638 bonis:
761 2597 868 2638 iacet
894 2611 990 2638 ecce
1015 2596 1211 2636 Tibullus
1221 2612 1231 2645 ;

182 2657 254 2697 vix
278 2662 418 2696 manet
444 2669 466 2695 e
490 2661 596 2701 tom,
622 2669 752 2709 parva
777 2653 890 2707 quod
915 2668 1021 2694 urna
1046 2653 1169 2707 capit·

126 2721 240 2761 tene,
266 2726 384 2753 sacer
409 2719 545 2759 vates,
570 2711 764 2752 flammae
788 2725 964 2764 rapuere
990 2711 1155 2765 rogales

182 2768 422 2825 pectoribus
447 2767 564 2823 pasci
587 2782 664 2810 nec
690 2767 864 2809 timuere
891 2767 998 2808 tuis?

1397 240 1418 282 1

1454 239 1476 280 1

1511 965 1525 993 1
1532 965 1551 994 ι’)

1512 1248 1552 1277 15

1513 2383 1530 2412 :3
1538 2384 1554 2413 v'1

1516 2666 1559 2696 40
