1831 3168
377 233 651 270 HEROIDUM
675 231 796 268 XVII.
824 231 1012 268 192-218.
1039 229 1181 266 XVIII.
1211 229 1333 265 1—59.

232 316 346 371 quod
370 316 540 365 faciam,
567 323 756 371 superest
782 322 946 370 praeter
971 327 1111 354 amare
1135 311 1252 353 nihil.

175 374 289 427 quod
314 380 522 428 superest,
548 372 678 421 facio,
703 381 848 426 teque,
874 386 898 412 o
924 386 1018 412 mea
1043 370 1132 410 sola
1156 369 1365 423 voluptas,

232 431 326 485 plus
351 444 538 484 quoque,
565 443 692 483 quam
717 429 834 470 reddi
860 428 972 482 quod
998 426 1098 468 mihi
1124 425 1275 481 possit,
1301 437 1409 465 amo.

174 496 245 527 aut
272 501 351 542 ego
377 500 472 527 cum
498 500 595 526 cara
620 486 671 526 de
696 494 736 527 te
761 486 921 526 nutrice
947 497 1130 531 susurro,

233 557 425 597 quaeque
451 552 589 590 tuum,
616 542 755 589 miror,
782 556 910 583 causa
933 548 1119 582 moretur
1143 540 1239 580 iter:

175 609 245 640 aut
273 614 386 641 mare
412 599 670 654 prospiciens
696 598 840 639 odioso
865 598 1028 639 concita
1053 603 1178 638 vento

233 656 410 711 corripio
436 656 574 697 verbis
600 669 782 708 aequora
806 669 938 709 paene
965 653 1066 694 tuis:

175 721 266 761 aut,
291 713 363 753 ubi
388 712 587 753 saevitiae
612 711 785 766 paulum
811 710 951 763 gravis
976 709 1090 750 unda
1114 708 1286 756 remisit,

231 783 354 824 posse
379 768 568 822 quidem,
593 767 668 808 sed
693 774 732 807 te
758 767 868 807 nolle
895 766 1036 807 venire
1061 779 1227 818 queror,

175 826 360 878 dumque
385 838 550 878 queror,
575 823 770 864 lacrimae
796 837 871 877 per
896 821 1078 862 amantia
1102 821 1262 861 lumina
1286 828 1471 867 manant,

232 881 381 936 pollice
407 895 511 934 quas
536 880 714 921 tremulo
741 879 908 920 conseia
933 879 1061 919 siccat
1087 892 1205 918 anus.

175 953 300 993 saepe
326 937 405 986 tui,
433 944 596 992 specto,
623 936 657 977 si
682 936 763 977 sint
788 937 830 977 in
854 936 974 977 litore
1000 949 1164 990 passus,

231 994 448 1049 impositas
473 1001 690 1048 tamquam
715 1000 851 1035 servet
876 993 1034 1033 harena
1057 1000 1198 1032 notas:

175 1058 305 1105 utque
330 1065 477 1106 rogem
502 1050 553 1092 de
578 1058 618 1092 te
644 1058 685 1092 et
710 1050 889 1091 scribam
914 1049 1008 1097 tibi,
1036 1048 1165 1102 siquis
1192 1045 1349 1102 Abydo

232 1108 392 1149 venerit
418 1114 507 1156 aut,
533 1121 709 1161 quaero,
735 1106 865 1161 siquis
891 1105 1080 1160 Abydon
1106 1113 1186 1147 eat.

175 1165 277 1219 quid
302 1165 502 1213 referam,
528 1164 722 1217 quotiens
748 1164 842 1205 dem
868 1162 1054 1204 vestibus
1081 1162 1241 1210 oscula,
1268 1174 1372 1215 quas
1398 1166 1443 1200 tu

234 1220 578 1275 Hellespontiaca
602 1220 722 1276 ponis
747 1220 880 1261 iturus
907 1219 1042 1273 aqua?

176 1277 235 1318 sic
259 1277 333 1318 ubi
357 1278 429 1318 lux
455 1284 548 1318 acta
573 1284 635 1319 est
659 1284 699 1318 et
723 1277 859 1318 noctis
884 1276 1057 1318 amicior
1081 1275 1183 1317 hora

233 1333 425 1375 exhibuit
447 1334 568 1389 pulso
594 1333 732 1375 sidera
754 1333 869 1374 clara
894 1333 974 1382 die,

175 1391 364 1446 protinus
388 1390 432 1431 in
458 1405 622 1431 summo
647 1390 866 1446 vigilantia
889 1390 1049 1431 lumina
1073 1397 1184 1431 tecto

194 1468 196 1470 v
231 1447 447 1502 ponimus,
474 1447 673 1488 adsuetae
698 1448 819 1502 signa
842 1455 1070 1501 notamque
1095 1447 1201 1496 viae,

176 1511 368 1558 tortaque
393 1511 558 1545 versato
585 1504 785 1546 ducentes
812 1504 991 1545 stamina
1015 1504 1110 1544 fuso

233 1560 416 1603 feminea
440 1561 580 1601 tardas
605 1560 790 1601 fallimus
816 1569 903 1602 arte
929 1575 1081 1601 moras.

177 1617 279 1671 quid
303 1618 453 1671 loquar
475 1617 635 1658 interea
658 1624 744 1658 tam
769 1618 896 1672 longo
922 1625 1129 1672 tempore,
1156 1614 1349 1670 quaeris?

233 1674 291 1714 nil
316 1673 396 1714 nisi
422 1673 607 1714 Leandri
632 1688 786 1715 nomen
810 1674 853 1714 in
878 1687 948 1715 ore
973 1687 1067 1714 meo
1093 1680 1168 1715 est.

176 1731 334 1771 ‘iamne
359 1738 483 1785 putas
508 1730 644 1772 exisse
670 1730 794 1771 domo
819 1745 913 1771 mea
937 1730 1112 1785 gaudia,
1137 1730 1292 1779 nutriX‚

234 1802 286 1828 an
311 1787 488 1842 vigilant
512 1801 657 1828 omnes
683 1794 723 1828 et
747 1787 865 1828 timet
888 1787 958 1827 ille
984 1787 1108 1828 suos?

176 1843 314 1884 iamne
340 1858 437 1884 suas
463 1844 617 1885 umeris
642 1843 761 1884 illum
786 1843 996 1898 deponere
1020 1851 1173 1893 vestes,

232 1900 409 1941 Pallade
434 1900 518 1940 iam
543 1900 690 1955 pingui
715 1900 908 1955 tinguere
932 1900 1124 1941 membra
1147 1900 1296 1955 putas?

177 1956 323 1997 adnuit
346 1956 418 1997 illa
442 1956 548 2005 fere,
575 1971 659 1997 non
682 1964 823 1997 nostra
848 1957 960 2010 quod
987 1957 1131 2009 oscula
1156 1964 1286 2006 curet,

235 2013 308 2054 sed
333 2021 474 2054 movet
499 2013 704 2068 obrepens
731 2027 903 2054 somnus
929 2014 1039 2055 anile
1064 2021 1203 2068 caput.

176 2077 354 2125 postque
379 2084 522 2111 morae
547 2070 767 2111 minimum
794 2070 896 2110 ‘iam
922 2077 1033 2112 certe
1058 2071 1257 2125 navigat,’
1284 2070 1458 2124 inquam

235 2127 449 2180 ‘lentaque
475 2127 642 2167 dimotis
668 2126 865 2168 bracchia
888 2127 1016 2168 iactat
1041 2127 1188 2181 aquis.'

176 2196 396 2238 paucaque
421 2197 518 2224 cum
542 2191 654 2224 tacta
677 2183 835 2238 perfeci
860 2184 1040 2225 stamina
1063 2184 1160 2233 tela,

234 2255 287 2280 an
312 2240 451 2281 medio
476 2240 630 2294 possis,
656 2240 917 2293 quaerimus,
945 2255 1035 2282 esse
1061 2240 1182 2281 freto.

177 2303 216 2337 et
242 2296 367 2336 modo
391 2296 690 2351 prospicimus,
716 2297 862 2337 timida
885 2297 1011 2338 modo
1037 2311 1138 2338 voce
1164 2311 1399 2352 precamur,

233 2359 280 2392 ut
303 2352 379 2393 tibi
405 2353 472 2394 det
498 2353 643 2394 faciles
667 2353 779 2394 utilis
806 2368 908 2394 aura
933 2353 1035 2394 vias.

177 2409 348 2449 auribus
373 2409 541 2450 incertis
565 2423 690 2450 voces
716 2417 934 2463 captamus
961 2417 1001 2450 et
1025 2423 1192 2450 omnem

235 2465 442 2506 adventus
467 2465 688 2520 strepitum
714 2466 923 2507 credimus
949 2481 1040 2507 esse
1065 2466 1140 2506 tui.

178 2521 237 2563 sic
261 2521 336 2562 ubi
360 2521 559 2576 deceptae
582 2536 681 2576 pars
706 2529 768 2563 est
792 2522 894 2562 mihi
919 2523 1103 2563 maxima
1126 2522 1260 2565 noctis

235 2586 348 2627 acta,
375 2578 488 2619 subit
511 2578 657 2619 furtim
681 2578 842 2620 lumina
867 2578 980 2620 fessa
1006 2593 1142 2634 sopor.

177 2633 353 2675 forsitan
377 2635 550 2684 invitus,
575 2649 742 2676 mecum
766 2642 924 2684 tamen,
950 2636 1160 2690 improbe,
1187 2637 1342 2678 dormis

236 2699 296 2740 et,
322 2705 578 2746 quamquam
603 2706 686 2733 non
712 2691 774 2732 vis
799 2692 890 2747 ipse
914 2693 1071 2742 venire,
1097 2693 1228 2735 venis.

178 2762 276 2788 nam
301 2748 426 2789 modo
451 2756 492 2790 te
517 2748 662 2791 videor
686 2763 816 2804 prope
841 2749 925 2790 iam
951 2757 1139 2805 spectare
1163 2757 1392 2801 natantem,

1482 217 1536 260 69

1569 1114 1610 1145 30

1568 1399 1610 1431 35

1569 1686 1612 1716 40

1569 1971 1611 2001 45

1570 2256 1611 2285 50
