1831 3168
364 281 518 317 ARTIS
543 280 849 317 AMATORIAE
874 280 970 315 LIB.
996 279 1064 314 ΙΙΙ.
1092 278 1284 314 752—812.

201 379 279 407 nec
305 371 471 406 taceant
496 363 645 405 mediis
672 363 863 418 improba
888 361 1017 404 verba
1041 360 1156 402 iocis.

143 430 190 464 tu
216 435 405 476 quoque,
432 421 498 461 cui
525 420 703 462 Veneris
730 435 899 461 sensum
925 427 1075 460 natura
1100 416 1284 472 negavit,

204 478 344 520 dulcia
368 477 561 519 mendaci
586 477 742 532 gaudia
768 477 878 531 finge
905 490 1020 516 sono.

146 535 313 584 infelix,
340 535 406 576 cui
433 542 570 589 torpet
595 534 724 575 hebes
750 534 866 574 locus
892 533 980 581 ille,
1006 532 1147 586 puella
1172 539 1248 579 est,

204 605 288 646 quo
314 592 469 647 pariter
495 590 648 632 debent
674 590 830 632 femina
856 589 1002 642 virque
1028 588 1122 628 frui.

147 657 331 698 tantum,
358 663 454 690 cum
479 648 634 703 finges,
659 662 712 689 ne
738 647 793 688 sis
820 646 1060 692 manifesta,
1087 651 1252 685 caveto:

206 705 327 747 effice
353 720 427 761 per
452 712 613 746 motum
638 703 880 757 luminaque
906 702 998 757 ipsa
1022 700 1162 742 fidem.

149 762 264 816 quod
289 762 424 811 iuvet,
451 769 492 803 et
517 774 642 802 voees
668 768 708 802 et
734 759 943 801 anhelitus
969 765 1121 812 arguat
1145 756 1239 797 oris.

207 834 251 868 a,
277 818 427 874 pudet!
455 833 628 860 arcanas
653 832 750 873 pars
776 816 902 857 habet
926 815 1007 856 ista
1031 822 1164 854 notas.

148 876 307 931 gaudia
331 882 426 931 post
449 874 629 917 Veneris
655 888 763 928 quae
789 879 933 928 poscet
957 885 1111 911 munus
1138 876 1363 918 amantem,

207 933 277 974 illa
302 947 400 974 suas
426 932 529 973 nolit
554 931 719 987 pondus
744 930 899 971 habere
924 941 1084 983 preces.

150 1003 229 1031 nec
254 989 393 1031 lucem
417 989 461 1030 in
486 988 692 1029 thalamos
717 987 813 1028 totis
839 985 1013 1026 admitte
1038 983 1246 1025 fenestris,

209 1046 347 1102 aptius
371 1046 415 1087 in
440 1052 579 1087 vestro
605 1058 777 1099 corpore
802 1042 935 1084 multa
958 1042 1102 1083 latent.
1128 1065 1183 1070 -—

152 1103 269 1144 lusus
295 1102 423 1144 habet
447 1102 586 1143 finem.
648 1101 795 1156 cygnis
822 1098 1076 1141 descendere
1101 1104 1282 1153 tempus,

209 1160 421 1201 duxerunt
446 1159 552 1200 collo
577 1158 649 1213 qui
673 1159 774 1212 iuga
798 1163 942 1198 nostra
967 1169 1056 1196 suo.

152 1223 197 1258 ut
223 1216 436 1271 quondam
460 1216 653 1264 iuvenes,
679 1215 738 1255 ita
761 1228 894 1262 nunc,
920 1227 1015 1254 mea
1039 1211 1182 1261 turba,
1208 1210 1374 1266 puellae

210 1273 439 1315 inscribant
465 1272 606 1327 spoliis
633 1271 767 1312 ‘Naso
793 1270 996 1326 magister
1020 1268 1135 1310 erat?

1248 2866 1315 2902 13·

1435 267 1517 310 195

1544 598 1607 629 800

1546 882 1611 912 805

1549 1165 1616 1196 810
