1831 3168
317 217 370 259 12
770 223 813 258 Ρ.
841 221 986 258 OV1D1
1011 218 1226 256 NASONIS

248 324 290 353 50
372 307 544 349 numine
570 312 783 347 contactas
810 310 1025 344 attonuere
1053 317 1142 344 suo.

316 378 499 428 namque
525 362 626 403 mihi
653 361 859 409 referunt,
886 373 981 400 cum
1008 374 1051 400 se
1077 358 1195 400 furor
1219 358 1289 400 ille
1315 358 1486 408 remisit,

373 420 531 461 omnia:
559 433 625 460 me
651 417 821 458 tacitam
848 415 1041 457 conscius
1067 416 1150 456 urit
1176 430 1305 457 amor.

315 477 490 518 forsitan
516 475 628 515 hunc
653 473 820 528 generis
845 472 933 513 fato
958 472 1185 513 reddamus
1211 486 1409 521 amorem,

373 542 414 574 ct
438 532 585 573 Venus
611 545 663 571 ex
689 538 777 571 tota
801 536 927 594 gente
953 529 1110 570 tributa
1135 536 1263 584 petat.

248 605 289 634 55,
316 588 505 651 Iuppiter
529 586 732 642 Europen
756 610 813 615 —
837 583 972 641 prima
998 594 1060 627 est
1085 600 1135 628 ea
1159 586 1298 641 gentis
1323 585 1441 640 origo
1468 609 1523 614 —

372 643 537 693 dilexit,
563 651 682 685 tauro
709 643 997 685 dissimulante
1025 643 1164 684 deum.

315 700 527 756 Pasiphae
553 707 699 750 mater,
725 700 901 755 decepto
928 699 1096 741 subdita
1121 708 1254 748 tauro,

373 758 496 800 enixa
522 764 585 798 est
609 765 729 799 utero
754 757 910 798 crimen
936 770 1127 810 onusque
1153 771 1240 797 suo.

317 815 501 871 pcifidus
527 813 737 869 Aegides,
763 814 960 856 ducentia
983 813 1054 854 fila
1078 822 1262 862 secutus,

250 888 293 918 60
375 886 504 913 curva
528 885 645 912 meae
671 870 782 926 fugit
806 878 917 912 tecta
941 870 1092 911 sororis
1119 885 1210 926 ope.

318 945 370 971 cn
395 943 474 983 cgo
500 941 631 977 nunc,
656 942 709 969 ne
719 907 842 969 e>forte
867 942 1015 982 parum
1041 926 1206 968 Minoia
1231 926 1390 977 credar,

374 986 416 1027 in
442 985 576 1026 socias
600 984 716 1039 leges
741 984 890 1025 ultima
913 984 1050 1039 gentis
1076 998 1138 1025 eo.

318 1042 397 1083 hoc
423 1056 591 1095 quoque
617 1041 743 1083 fatale
769 1049 850 1083 est:
877 1041 1033 1096 placuit
1060 1041 1210 1082 domus
1236 1055 1321 1081 una
1346 1040 1531 1089 duabus3

376 1114 442 1140 me
468 1107 541 1139 tua
565 1098 702 1139 forma
726 1098 856 1153 capit,
883 1105 1007 1153 capta
1031 1105 1204 1153 parente
1231 1111 1359 1138 soror.

251 1171 294 1200 65
319 1155 550 1196 Thcsc‘i'dcs
576 1154 851 1209 Theseusque
877 1155 981 1196 duas
1007 1169 1184 1209 iapuere
1209 1168 1390 1195 sorores:

376 1212 518 1268 ponite
545 1212 595 1253 de
621 1219 764 1253 nostra
789 1212 888 1253 bina
912 1219 1084 1267 tropaea
1109 1210 1253 1252 domo!

319 1277 507 1324 tempore
533 1282 616 1322 quo
642 1268 763 1309 nobis
788 1269 892 1309 inita
916 1276 979 1310 est
1005 1266 1191 1310 Cerealis
1217 1267 1407 1317 Eleusin,

379 1325 543 1368 Gnosia
568 1340 634 1367 me
659 1325 811 1367 vellem
837 1325 1083 1367 detinuisset
1107 1325 1274 1366 humus.

321 1391 420 1424 tunc
445 1382 547 1423 mihi
571 1382 816 1437 praecipue,
842 1396 920 1424 nec
944 1396 1029 1423 non
1054 1390 1195 1423 tamen
1220 1389 1335 1430 ante,
1362 1382 1578 1437 placebas:

255 1454 296 1483 70
379 1454 476 1481 acer
499 1439 542 1480 in
568 1439 765 1481 extremis
791 1439 955 1480 ossibus
982 1438 1117 1480 haesit
1143 1452 1271 1479 amor.

323 1496 503 1537 candida
527 1496 656 1538 vestis
683 1503 791 1546 erat,
817 1495 1045 1550 praecincti
1070 1496 1171 1537 flore
1197 1495 1349 1550 capilli,

377 1553 488 1593 flava
512 1553 778 1594 verecundus
803 1554 984 1594 tinxerat
1010 1567 1083 1593 ora
1107 1552 1254 1593 rubor:

322 1623 533 1663 quemque
558 1616 711 1650 vocant
736 1609 842 1651 aliae
868 1609 1031 1649 vultum
1057 1609 1325 1663 rigidumque
1351 1616 1611 1664 trucemque,

378 1680 454 1721 pro
479 1665 635 1721 rigido,
660 1665 859 1707 Phaedra
882 1665 1040 1714 iudice,
1066 1665 1185 1706 fortis
1212 1673 1313 1707 erat.

256 1738 295 1767 75>
323 1722 404 1764 sint
428 1723 575 1777 procul
600 1739 625 1764 a
649 1723 771 1764 nobis
795 1723 970 1765 iuvenes
995 1731 1041 1763 ut
1067 1722 1225 1764 femina
1250 1722 1426 1778 compti:

377 1779 461 1820 fine
487 1779 568 1820 coli
592 1780 757 1821 modico
783 1780 920 1821 forma
944 1779 1074 1820 virilis
1100 1787 1226 1820 amat.

323 1844 362 1878 te
389 1844 486 1877 tuus
511 1836 588 1877 iste
614 1836 729 1891 rigor
751 1836 961 1891 positique
986 1836 1073 1877 siue
1101 1844 1187 1877 arte
1214 1835 1352 1890 capilli

380 1901 421 1934 ct
445 1892 549 1934 levis
576 1893 746 1948 egregio
772 1893 910 1948 pulvis
935 1893 978 1933 in
1004 1907 1074 1933 ore
1101 1892 1233 1933 decet.

324 1950 411 1991 sive
436 1949 587 1991 ferocis
614 1950 711 2003 equi
736 1950 939 1991 luctantia
964 1949 1071 1990 colla
1096 1963 1306 1998 recurvas,

255 2021 298 2051 80
381 2006 535 2061 exiguo
560 2007 691 2048 flexos
717 2006 844 2047 miror
868 2006 911 2047 in
937 2006 1037 2048 orbe
1062 2006 1210 2060 pedes:

323 2078 398 2105 seu
422 2063 583 2104 lentum
609 2063 748 2104 valido
773 2071 943 2117 torques
969 2063 1118 2104 hastile
1145 2063 1313 2112 lacerto,

380 2135 454 2161 ora
478 2119 597 2161 ferox
622 2120 665 2161 in
691 2135 735 2162 se
761 2135 884 2162 versa
907 2120 1088 2162 lacertus
1113 2119 1259 2161 habet:

323 2177 412 2219 sive
437 2185 554 2219 tenes
580 2177 664 2218 lato
691 2177 901 2219 venabula
927 2191 1079 2218 cornea
1104 2177 1214 2218 feno
1240 2200 1297 2206 —

381 2234 561 2288 denique
586 2242 729 2275 nostra
754 2234 875 2275 iuvas
899 2234 1078 2283 lumina,
1105 2233 1307 2288 quicquid
1333 2249 1397 2289 ag
1390 2249 1448 2275 ιε.

255 2305 297 2336 85
325 2299 369 2332 tu
394 2291 520 2332 modo
547 2291 744 2332 duritiam
770 2291 885 2332 silvis
911 2291 1109 2356 depone
1099 2291 1280 2346 lugosis:

380 2362 465 2389 non
491 2363 584 2388 sum
610 2348 785 2390 materia
810 2348 939 2403 digna
963 2348 1100 2403 perire
1125 2356 1209 2389 tua.

324 2405 427 2458 quid
451 2405 568 2446 iuvat
593 2404 799 2446 incinctae
825 2405 963 2446 studia
989 2419 1182 2446 exercere
1209 2404 1375 2446 Dianae

382 2469 423 2503 et
448 2462 605 2503 Veneri
630 2477 828 2503 numeros
854 2462 1057 2517 eripuisse
1083 2462 1207 2503 suos?

325 2518 439 2571 quod
463 2526 577 2559 caret
602 2519 762 2560 alterna
786 2519 949 2573 requie,
977 2519 1167 2561 durabile
1193 2533 1277 2560 non
1303 2527 1383 2560 est:

259 2589 300 2619 90
383 2574 487 2615 haec
511 2584 677 2629 reparat
703 2576 811 2618 vires
837 2577 1032 2630 fessaque
1058 2576 1248 2618 membra
1271 2583 1412 2616 novat.

327 2645 447 2672 arcus
473 2630 534 2683 (et
559 2647 675 2673 arma
700 2642 797 2674 tuac
824 2633 900 2674 tibi
926 2641 1024 2674 sunt
1048 2633 1250 2674 imitanda
1274 2632 1474 2685 Dianae),

384 2687 418 2728 si
442 2702 674 2741 numquam
701 2704 838 2731 cesses
863 2690 1053 2738 tendere,
1080 2690 1217 2731 mollis
1242 2689 1330 2730 erit.

327 2744 462 2786 clarus
489 2753 577 2786 erat
602 2745 715 2786 silvis
743 2744 977 2801 Cephalus,
1004 2746 1245 2801 multaeque
1271 2761 1345 2801 per
1369 2744 1520 2787 herbas
