1831 3168
347 252 430 294 120
801 260 844 295 P.
872 261 1018 297 OVIDI
1043 260 1259 297 NASONIS

346 344 380 385 si
405 343 507 384 mihi
533 341 716 384 currenti
742 341 870 384 fucris
897 350 1140 398 conspecta,
1166 343 1376 393 morabor,

402 400 538 453 deque
563 399 667 440 meis
691 399 886 441 manibus
911 400 1001 441 lora
1025 399 1199 442 remissa
1223 401 1367 442 fluent.

278 472 317 501 15
345 456 386 497 a!
425 470 554 509 quam
578 470 713 511 paene
736 455 895 512 Pelops
919 456 1075 498 Pisaea
1100 456 1284 498 concidit
1308 457 1442 507 hasta,

401 513 501 553 dum
528 519 690 568 spectat
714 513 873 563 vultus,
899 513 1209 569 Hippodamia,
1237 521 1345 555 tuos.

342 584 494 624 nempe
519 569 665 612 favore
691 584 793 612 suae
818 570 917 612 vicit
941 578 1082 612 tamen
1107 570 1175 612 illc
1200 571 1378 626 puellae.

398 626 618 668 vincamus
645 626 839 668 dominae
864 626 1044 682 quisque
1070 627 1214 668 favoic
1241 627 1360 669 suae!

343 682 446 737 quid
469 682 626 725 flustra
650 683 837 739 refugis?
875 684 988 739 cogit
1013 699 1089 725 nos
1114 684 1260 726 linea
1249 685 1389 739 iungi:

275 755 317 785 20
400 739 542 782 11360
531 756 575 781 111
599 741 694 795 lege
718 741 799 782 loci
826 741 1048 782 commoda
1074 741 1208 783 circus
1234 740 1374 782 habet.

342 804 388 839 tu
412 803 555 839 tamen
580 813 605 838 a
630 798 797 847 dextra,
824 798 1081 852 quicumque
1107 813 1170 846 65,
1196 813 1321 853 parce
1346 798 1532 854 puellae:

399 861 595 896 contactu
619 854 761 896 lateris
785 855 966 896 laeditur
990 856 1070 896 ista
1095 855 1169 896 tui.

343 918 387 952 tu
413 925 601 965 quoque,
627 911 699 965 qui
725 919 889 966 spectas
914 919 1010 966 post
1033 926 1129 960 nos,
1155 919 1229 953 tua
1254 911 1453 954 6011113116
1479 926 1615 963 611113,

400 968 435 1009 51
460 968 597 1023 pudor
622 975 704 1018 est,
730 968 867 1024 rigido
892 983 970 1010 nec
996 983 1140 1023 preme
1165 975 1334 1024 tergag
1310 984 1435 1010 genu.

275 1041 316 1071 25
342 1025 416 1067 sed
439 1024 616 1065 nimium
643 1025 825 1067 demissa
848 1025 987 1067 iacent
1010 1025 1086 1066 tibi
1111 1025 1238 1080 pallia
1263 1032 1391 1067 terra:

399 1081 568 1136 collige!
607 1083 673 1123 vel
699 1082 840 1137 digitis
867 1098 918 1124 en
944 1097 1023 1137 ego
1049 1082 1149 1123 tollo
1175 1082 1292 1123 meis.

340 1138 486 1179 invida
510 1138 638 1180 vestis
664 1154 774 1189 eras,
801 1154 908 1193 quae
934 1148 1020 1180 tam
1045 1139 1156 1181 bona
1182 1153 1304 1180 crura
1329 1138 1522 1194 tegebas!

400 1209 570 1249 quoque
595 1196 731 1251 magis
757 1204 920 1251 spectes
946 1220 1003 1225 —
1026 1196 1171 1237 invida
1196 1195 1324 1237 vestis
1350 1196 1461 1238 61351

342 1252 443 1294 13113
467 1251 677 1293 Milanion
702 1253 925 1294 Atalantes
952 1267 1074 1294 crura
1098 1253 1263 1308 fugacis

274 1325 316 1355 30
398 1309 560 1364 optavit
583 1309 777 1351 manibus
804 1310 1051 1351 sustinuisse
1079 1310 1178 1350 suis.

341 1366 442 1407 talia
466 1365 699 1421 pinguntur
723 1367 962 1408 succinctae
989 1381 1110 1408 crura
1134 1365 1318 1415 Dianae,

398 1438 495 1464 cum
520 1423 710 1477 sequitur
734 1423 863 1464 fortes
890 1423 1037 1464 fortior
1062 1423 1154 1477 ipsa
1178 1422 1303 1464 feras.

341 1479 405 1521 his
431 1494 510 1535 ego
535 1494 620 1521 non
645 1480 745 1521 visis
770 1480 865 1521 arsi.
926 1480 1028 1534 quid
1052 1480 1123 1521 fiet
1149 1479 1202 1520 ab
1228 1479 1343 1520 istis?

397 1537 441 1578 in
465 1537 679 1577 flammam
704 1537 916 1587 flammas,
941 1537 984 1578 in
1009 1552 1124 1578 mare
1149 1536 1292 1577 fundis
1318 1551 1463 1591 aquas.

273 1607 314 1638 35
341 1593 532 1648 suspicor
557 1608 609 1634 ex
634 1593 724 1635 istis
750 1601 791 1635 et
816 1601 955 1636 cetera
979 1608 1102 1649 posse
1127 1593 1308 1648 placere,

397 1665 506 1704 quae
533 1650 640 1692 bene
666 1650 746 1691 sub
771 1651 887 1692 tenui
913 1650 1083 1692 condita
1108 1657 1224 1691 veste
1249 1650 1393 1691 latent.

340 1707 402 1748 vis
428 1715 570 1749 tamen
594 1707 754 1749 interea
778 1707 923 1749 faciles
950 1722 1160 1749 arcessere
1185 1714 1348 1756 ventos,

397 1778 502 1818 quos
528 1764 655 1805 faciet
679 1772 822 1806 nostra
846 1771 962 1806 mota
986 1764 1142 1806 tabella
1165 1764 1322 1805 manu?

340 1837 394 1862 an
420 1821 555 1876 magis
581 1821 648 1863 hic
672 1836 791 1863 meus
818 1829 881 1863 est
906 1821 1054 1871 animi,
1079 1836 1163 1862 non
1188 1821 1315 1870 36115,
1342 1827 1496 1870 3651115,

271 1893 315 1922 40
397 1885 605 1932 captaque
630 1877 836 1920 femineus
862 1886 1034 1933 pectora
1059 1885 1187 1919 torret
1212 1878 1354 1919 amor?

341 1934 441 1975 dum
466 1935 628 1987 loquor,
655 1935 752 1976 alba
775 1935 858 1976 levi
884 1950 1029 1990 sparsa
1054 1941 1115 1976 est
1142 1934 1219 1975 tibi
1244 1935 1416 1989 pulvere
1442 1934 1583 1976 vestis.

397 1991 565 2032 sordide
591 1991 642 2032 de
668 1991 791 2032 niveo
817 2006 990 2046 corpoie
1015 1991 1154 2045 pulvis
1180 1991 1268 2031 abi!

341 2042 449 2089 sed
438 2062 524 2088 lam
548 2062 704 2103 pompa
729 2048 855 2089 venit.
914 2048 1071 2102 linguis
1097 2047 1330 2101 animisque
1357 2047 1516 2089 favete!

396 2111 563 2159 tempus
590 2104 709 2146 adest
733 2105 919 2159 plausus.
981 2119 1108 2145 aurea
1132 2119 1290 2159 pompa
1314 2104 1442 2145 161111

271 2176 313 2206 45
340 2160 476 2216 plima
500 2161 593 2202 loco
618 2160 752 2203 fertur
776 2161 912 2216 passis
936 2161 1128 2203 Victoria
1151 2160 1309 2216 pinnis.

396 2218 480 2259 huc
505 2218 605 2260 ades
631 2225 673 2259 et
696 2233 815 2259 meus
841 2218 909 2259 hic
933 2217 1020 2267 fac,
1047 2218 1145 2267 dea,
1171 2218 1312 2258 1111031
1337 2231 1466 2259 311101.

339 2274 528 2329 plaudite
553 2275 774 2330 Neptuno,
800 2275 978 2315 nimium
1004 2274 1076 2329 qui
1102 2274 1269 2315 creditis
1295 2274 1432 2315 undis.

396 2332 455 2372 nil
478 2331 583 2372 mihi
608 2346 704 2373 cum
728 2332 900 2387 pelago:
927 2346 993 2373 me
1018 2347 1113 2373 mea
1138 2338 1248 2372 terra
1273 2331 1396 2386 capit.

340 2388 494 2444 plaude
519 2395 591 2430 tuo
617 2389 768 2438 Marti,
795 2389 927 2430 miles.
988 2403 1064 2430 nos
1091 2389 1256 2429 odimus
1283 2403 1419 2429 arma:

272 2459 315 2490 50
396 2460 480 2500 pax
504 2445 622 2487 iuvat
647 2453 688 2487 et
713 2446 852 2487 media
876 2460 979 2500 pace
1004 2452 1194 2500 repertus
1222 2459 1351 2486 amor.

341 2502 573 2557 auguribus
598 2502 821 2552 Phoebus,
851 2502 1022 2544 Phoebe
1047 2502 1299 2544 venantibus
1326 2501 1448 2543 adsit.

398 2559 578 2601 artifices
604 2560 647 2600 in
672 2567 712 2601 16
739 2568 873 2609 verte,
899 2559 1115 2608 Minerva,
1141 2574 1304 2600 manus.

341 2616 564 2664 ruricolae,
592 2614 739 2658 Cereri
763 2625 990 2670 teneroque
1016 2616 1231 2671 adsurgite
1255 2615 1440 2657 Baccho.

398 2671 618 2714 Pollucem
645 2674 831 2728 pugiles,
859 2672 1037 2714 Castora
1061 2673 1198 2727 placet
1224 2687 1366 2726 eques.

274 2741 316 2771 55
342 2742 418 2769 nos
444 2729 538 2776 tibi,
564 2729 720 2771 blanda
745 2731 913 2779 Venus,
939 2730 1167 2785 puerisque
1193 2729 1434 2784 potentibus
1461 2743 1562 2771 arcu

398 2785 650 2840 plaudimus.
710 2787 887 2841 inceptis
914 2788 1069 2837 adnue,
1097 2787 1214 2836 diva,
1239 2786 1356 2836 meis,
