1831 3168
408 289 560 325 ARTIS
584 290 889 326 AMATORIAE
913 291 1009 325 LIB.
1035 290 1064 325 Ι.
1090 289 1285 326 254—341.

221 370 414 426 quamvis
440 371 492 413 sit
517 372 720 422 mendant,
748 370 877 415 Creta
901 387 1057 428 negare
1082 378 1234 427 potest.

165 429 258 484 ipsa
282 443 414 470 novas
439 429 610 470 frondes
636 437 677 471 et
701 438 820 485 prata
845 430 1068 471 tenerrima
1093 438 1213 470 tauro

222 486 355 526 fertur
378 485 598 527 inadsueta
623 486 887 528 subsecuisse
912 501 1053 527 manu.

165 542 195 582 it
221 556 360 583 comes
386 543 604 591 armentis,
629 557 708 584 nec
732 543 885 584 ituram
911 558 1012 584 cura
1036 549 1224 583 moratur

223 598 432 653 coniugis,
459 608 496 641 ct
523 599 665 640 Minos
692 615 715 640 a
740 600 848 641 bove
873 600 1008 640 victus
1035 606 1136 641 erat.

166 669 249 709 quo
275 655 370 703 tibi,
396 655 627 710 Pasipha'e',
653 657 855 711 pretiosas
881 671 1046 697 sumere
1071 655 1236 697 vestes?

220 712 289 753 illc
316 720 412 752 tuus
438 712 574 753 nullas
600 713 725 754 sentit
749 713 912 754 adulter
937 727 1050 767 opes.

165 768 265 822 quid
291 768 367 808 tibi
392 782 487 809 cum
513 770 703 823 specuIO,
728 776 927 810 montana
952 775 1141 810 armenta
1165 767 1349 823 petenti?

222 825 324 878 quid
349 825 500 866 totiens
527 826 683 880 positas
708 826 851 881 fingis,
876 825 1041 880 inepta,
1066 824 1233 866 comas?

166 881 289 923 crede
315 890 455 923 tamen
481 883 672 936 speculo,
698 882 812 936 quod
837 890 876 923 te
901 888 1030 937 negat
1055 895 1146 923 esse
1171 881 1408 922 iuvencam.

223 952 349 991 quarn
375 952 550 993 cuperes
575 938 702 979 fronti
727 953 884 980 cornua
907 947 1006 979 nata
1031 936 1149 979 tuae!

165 994 252 1036 sive
278 995 415 1049 placet
440 995 606 1036 Minos:
632 996 771 1036 nullus
798 1002 1022 1049 quaeratur
1048 994 1231 1043 adulter3

223 1051 309 1092 sive
335 1051 472 1092 virum
498 1052 630 1093 mavis
656 1052 818 1093 fallere:
844 1051 942 1092 falle
968 1050 1076 1092 viro!

164 1107 207 1148 in
233 1123 381 1149 nemus
408 1116 449 1149 et
474 1109 604 1150 saltus
631 1108 814 1150 thalamo
839 1108 986 1163 regina
1009 1107 1154 1149 relicto

222 1164 367 1214 fertur,
394 1174 440 1205 ut
465 1165 606 1205 Aonio
633 1165 795 1207 concita
820 1164 980 1206 baccha
1005 1164 1098 1206 deo.

164 1237 210 1271 a,
237 1222 431 1275 quotiens
457 1236 630 1262 vaccam
654 1222 771 1263 vultu
796 1221 999 1276 spectavit
1024 1221 1168 1274 iniquo

222 1287 263 1319 et
288 1278 393 1318 dixit
418 1278 607 1319 ‘domino
633 1292 707 1319 cur
729 1278 869 1333 placet
893 1278 973 1319 ista
996 1278 1117 1319 meo?

164 1336 326 1390 aspice,
370 1342 417 1374 ut
453 1342 548 1376 ante
572 1335 711 1389 ipsum
736 1334 889 1376 teneris
915 1335 1074 1376 exultet
1098 1334 1142 1375 in
1165 1333 1327 1376 herbis:

220 1405 298 1432 nec
324 1390 490 1456 dubito,
517 1391 619 1444 quin
643 1406 687 1432 se
714 1392 840 1432 stulta
865 1392 1013 1433 decere
1038 1391 1186 1447 putet?

164 1448 269 1488 dixit
293 1456 334 1489 et
358 1447 519 1502 ingenti
542 1448 790 1489 iamdudum
817 1448 868 1489 de
893 1463 1024 1503 grege
1050 1449 1147 1489 duci

220 1504 342 1545 iussit
368 1515 409 1546 et
433 1505 670 1546 inmeritam
696 1505 811 1546 sub
800 1520 901 1560 luga
926 1520 1055 1547 curva
1080 1504 1201 1554 trahi,

164 1569 238 1602 aut
262 1561 411 1602 cadere
437 1569 532 1603 ante
558 1577 650 1602 aras
677 1570 996 1615 commentaque
1022 1576 1141 1603 sacra
1166 1559 1305 1616 coegit

222 1624 262 1658 et
288 1617 421 1658 tenuit
445 1618 555 1658 laeta
578 1618 749 1672 paelicis
776 1627 872 1659 exta
897 1634 1038 1659 manu.

162 1674 393 1729 paelicibus
420 1674 611 1727 quotiens
636 1675 818 1728 placavit
841 1675 1014 1715 numina
1040 1674 1185 1722 caesis,

221 1740 348 1784 atque
375 1731 433 1771 ait
457 1738 553 1771 exta
578 1739 723 1772 tenens
750 1731 841 1779 ‘ite‚
867 1732 1030 1786 placete
1054 1730 1189 1772 me0!'

163 1795 206 1829 et
229 1787 355 1828 modo
382 1802 425 1828 se
450 1786 652 1842 Europen
676 1788 785 1836 fieri,
812 1788 936 1828 modo
962 1788 1149 1842 postulat
1172 1787 1235 1837 Io,

221 1844 352 1885 altera
377 1843 490 1897 quod
514 1844 590 1885 bos
617 1851 697 1893 est,
725 1844 854 1885 altera
879 1853 1000 1885 vecta
1024 1844 1144 1886 bove.

163 1901 273 1942 hanc
297 1909 438 1942 tamen
462 1900 652 1955 implevit
678 1915 807 1942 vacca
833 1901 1033 1955 deceptus
1059 1915 1212 1942 acerna

221 1957 308 1998 dux
332 1957 495 2012 gregis,
522 1965 563 1998 et
587 1965 732 2012 partus
757 1958 949 2012 proditus
975 1965 1122 1999 auctor
1146 1964 1248 1999 erat.

165 2012 319 2056 Cressa
344 2014 558 2069 Thyesteo
584 2014 619 2054 si
645 2029 689 2055 se
716 2014 988 2056 abstinuisset
1015 2029 1152 2055 amore

220 2070 292 2124 (en
319 2079 523 2124 quantum
550 2078 630 2120 est,
656 2071 729 2111 uni
754 2085 876 2126 posse
901 2072 1067 2126 placere
1093 2069 1236 2126 virol),

163 2142 247 2169 non
273 2127 461 2168 medium
484 2128 668 2182 rupisset
691 2128 771 2169 iter
796 2142 1004 2182 curruque
1029 2135 1185 2170 retorto

220 2184 433 2224 Auroram
458 2184 588 2225 versis
612 2184 815 2226 Phoebus
842 2185 997 2226 adisset
1022 2185 1154 2238 equis.

163 2240 249 2281 filia
274 2254 506 2294 purpureos
531 2240 635 2282 Niso
661 2241 801 2282 furata
826 2242 998 2295 capillos

221 2297 333 2350 pube
358 2297 510 2350 premit
534 2297 703 2338 rabidos
728 2297 1060 2352 inguinibusque
1086 2311 1225 2338 canes.

165 2354 236 2407 qui
261 2353 446 2394 BIartem
471 2360 601 2402 terra,
627 2353 876 2408 Neptunum
902 2354 1051 2408 effugit
1075 2354 1119 2394 in
1143 2353 1281 2402 undis,

223 2409 414 2464 coniugis
439 2409 612 2451 Atrides
637 2410 809 2451 victima
834 2410 924 2451 dira
950 2410 1041 2450 fuit.

166 2466 235 2507 cui
259 2480 344 2506 non
370 2465 521 2507 defleta
546 2473 607 2507 est
633 2465 886 2521 Ephyraeae
910 2467 1081 2507 flamma
1107 2464 1294 2508 Creusae

224 2532 264 2564 et
288 2537 390 2564 nece
415 2530 610 2563 natorum
636 2523 960 2578 sanguinulenta
985 2523 1162 2578 parens?

166 2579 282 2621 flevit.
304 2579 607 2633 Amyntorides
633 2594 708 2634 per
731 2580 873 2620 inania
896 2580 1056 2621 lumina
1079 2579 1294 2621 Phoenix:

224 2635 509 2690 Hippolytum
534 2636 675 2691 pavidi
703 2636 930 2692 diripuistis
957 2637 1067 2690 equi.

168 2692 271 2746 quid
294 2693 405 2733 fodis
428 2692 651 2742 inmeritis,
677 2693 864 2742 Phineu,
891 2709 967 2734 sua
990 2693 1151 2734 lumina
1174 2692 1309 2735 natis?

224 2763 361 2814 poena
385 2763 605 2791 reversura
630 2758 692 2792 est
716 2750 759 2790 in
784 2758 910 2805 caput
934 2750 1014 2791 ista
1038 2758 1171 2792 tuum.

168 2805 309 2847 omnia
333 2805 516 2848 feminea
539 2814 637 2848 sunt
659 2806 741 2848 ista
763 2807 937 2849 libidine
961 2814 1094 2849 mota·

1451 279 1532 321 149

1560 497 1624 528 300

1560 779 1624 810 305

1562 1062 1626 1092 310

1562 1346 1626 1377 315

1558 1629 1623 1660 320

1558 1912 1623 1943 325

1562 2196 1628 2227 330

1562 2763 1630 2794 340
