1831 3168
374 229 402 269 4
831 238 873 271 P.
902 237 1046 272 OVIDI
1075 236 1291 273 NASONIS

433 319 644 360 littoribus
670 319 822 360 nostris
849 333 1003 360 ancora
1034 326 1158 373 pacta
1184 326 1255 359 tua
1281 327 1354 360 est.

331 391 349 420 5
375 376 475 417 luna
500 383 648 429 quater
672 375 814 424 latuit,
839 383 925 416 toto
951 382 1099 429 quater
1125 374 1225 416 orbe
1251 376 1440 426 recrevit,

431 447 509 473 nec
535 431 647 473 vehit
673 432 858 473 Actaeas
885 430 1073 474 Sithonis
1099 432 1214 472 unda
1239 439 1362 474 rates.

375 498 564 543 tempora
589 488 622 528 si
647 503 863 537 numeres,
889 502 999 542 quae
1024 503 1101 529 nos
1126 503 1399 530 numeramus
1425 497 1629 540 amantes,

431 559 515 585 non
541 544 656 586 venit
681 552 777 586 ante
804 560 923 586 suam
950 552 1093 586 nostra
1119 545 1306 600 querella
1331 545 1454 587 diem.

376 616 468 657 spes
496 615 665 655 quoque
690 601 804 643 lenta
828 602 921 643 fuit.
983 602 1121 651 tarde,
1148 617 1257 656 quae
1283 602 1441 644 credita
1465 603 1651 652 laedunt,

309 672 349 702 10
432 658 661 707 credimus,
687 658 819 700 invito
844 673 957 700 nunc
982 668 1024 700 et
1048 674 1190 700 amore
1215 673 1355 701 noces.

376 729 502 769 saepe
527 714 590 755 fui
614 715 798 757 mendax
822 730 898 771 pro
924 723 964 757 te
989 714 1112 765 mihi,
1139 731 1265 772 saepe
1290 715 1433 757 notavi

432 771 528 812 alba
552 772 809 827 procellosos
835 773 929 815 vela
953 773 1110 815 referre
1135 781 1269 814 notos.

375 827 541 870 Thesea
565 828 737 879 devovi,
764 829 864 883 quia
889 838 928 871 te
955 830 1163 872 dimitteie
1188 830 1335 872 nollet:

431 899 509 927 nec
535 885 669 927 tenuit
694 900 842 927 cursus
867 886 1041 928 forsitan
1067 887 1136 928 illc
1162 894 1270 928 tuos.

308 956 348 987 15
374 940 583 983 interdum
610 942 748 992 timui,
774 958 847 992 ne,
875 943 976 984 dum
1001 944 1111 984 vada
1136 943 1272 985 tendis
1299 943 1352 984 ad
1378 944 1529 993 Hebri,

432 1014 570 1041 mersa
594 999 705 1041 foret
730 1014 836 1041 cana
860 1000 1070 1055 naufraga
1095 1000 1250 1055 puppis
1275 1013 1398 1053 aqua.

375 1070 501 1110 saepe
527 1056 627 1098 deos
654 1057 852 1112 supplex,
880 1065 926 1098 ut
951 1065 1016 1106 tu,
1043 1058 1263 1105 scelerate,
1290 1056 1465 1106 valeres,

432 1128 527 1154 cum
553 1128 678 1168 prece
703 1114 938 1155 turicremis
966 1114 1220 1156 devenerata
1245 1113 1364 1163 focis,

375 1183 520 1235 saepe,
546 1170 694 1211 videns
719 1178 868 1212 ventos
895 1171 1011 1212 caelo
1037 1171 1276 1226 pelagoque
1301 1169 1507 1221 faventes,

306 1241 348 1272 20
429 1226 522 1281 ipsa
546 1227 648 1267 mihi
673 1227 796 1268 dixi‘
807 1228 841 1268 si
867 1228 979 1269 valet
1002 1228 1092 1277 ille,
1118 1227 1259 1269 venit?

375 1282 556 1337 denique
581 1284 690 1325 fidus
717 1299 836 1325 amor
860 1284 1066 1350 quidquid
1090 1284 1415 1339 properantibus
1441 1285 1581 1326 obstat

430 1339 572 1389 finxit,
599 1348 640 1382 et
665 1341 719 1381 ad
745 1356 894 1382 causas
919 1341 1139 1396 ingeniosa
1163 1341 1238 1382 tui.

373 1404 415 1437 at
441 1404 486 1438 tu
512 1397 650 1439 lentus
676 1397 795 1439 abes!
844 1412 922 1440 nec
947 1405 987 1440 te
1012 1398 1148 1439 iurata
1172 1397 1380 1439 reducunt

429 1453 623 1503 numina,
649 1468 727 1496 nec
752 1463 894 1496 nostro
919 1462 1059 1496 motus
1085 1469 1226 1496 amore
1251 1455 1375 1496 redis.

306 1524 346 1554 25
371 1509 675 1566 Demophoon,
701 1512 836 1553 ventis
863 1519 903 1553 et
928 1512 1059 1554 verba
1083 1520 1122 1554 et
1149 1512 1243 1553 vela
1268 1511 1438 1552 dedisti:

429 1567 523 1609 vela
547 1581 700 1620 queror
724 1568 881 1618 reditu,
907 1569 1037 1610 verba
1062 1583 1203 1610 carere
1228 1568 1323 1610 fide.

372 1623 440 1665 dic
464 1624 585 1673 mihi,
612 1624 714 1678 quid
740 1624 840 1674 feci,
865 1625 946 1666 nisi
970 1640 1055 1666 non
1081 1625 1292 1680 sapienter
1317 1625 1480 1666 amavi?

429 1680 601 1723 crimine
627 1689 667 1723 te
691 1682 810 1736 potui
836 1682 1094 1724 demeruisse
1119 1696 1228 1723 meo.

370 1753 503 1778 unum
528 1737 572 1779 in
597 1753 663 1780 me
689 1739 826 1780 scelus
852 1746 932 1787 est,
959 1739 1073 1793 quod
1098 1746 1157 1787 te,
1184 1739 1404 1787 scelerate,
1429 1739 1582 1794 recepi.

305 1807 348 1839 30
430 1795 503 1836 sed
528 1795 665 1836 scelus
690 1795 771 1836 hoc
797 1796 934 1837 meriti
958 1796 1123 1851 pondus
1151 1803 1191 1836 et
1215 1796 1346 1836 instar
1371 1795 1512 1837 habet.

370 1850 480 1900 iura,
505 1851 610 1893 fides
635 1851 709 1892 ubi
733 1867 859 1901 nunc,
886 1852 1193 1906 commissaque
1219 1853 1393 1893 dextera
1418 1852 1605 1902 dextrae,

429 1908 585 1962 quique
610 1916 700 1949 erat
723 1908 767 1949 in
791 1909 899 1950 falso
924 1910 1130 1964 plurimus
1156 1923 1226 1950 ore
1253 1909 1382 1950 deus?

370 1964 601 2020 promissus
627 1965 762 2006 socios
787 1966 860 2006 ubi
884 1980 997 2006 nunc
1023 1967 1097 2020 H)
1100 1980 1300 2007 menaeus
1325 1966 1368 2006 in
1394 1980 1541 2015 annos,

428 2021 500 2075 qui
526 2021 628 2062 mihi
655 2022 839 2077 coniugii
865 2036 1043 2078 sponsor
1068 2030 1108 2064 et
1134 2022 1256 2063 obses
1282 2022 1395 2063 erat?

303 2093 343 2123 35
369 2093 445 2134 per
469 2093 604 2127 mare,
630 2079 744 2133 quod
768 2087 902 2120 totum
929 2079 1064 2120 ventis
1090 2079 1274 2134 agitatur
1299 2087 1340 2120 et
1364 2079 1502 2129 undis,

426 2150 502 2190 per
527 2136 641 2189 quod
667 2151 792 2191 saepe
818 2137 939 2184 ieras,
966 2151 1040 2191 per
1065 2136 1179 2190 quod
1203 2136 1337 2177 iturus
1363 2151 1469 2185 eras,

370 2206 530 2247 perque
556 2202 676 2233 tuum
701 2193 803 2234 mihi
828 2194 986 2241 iurasti,
1013 2193 1092 2234 nisi
1118 2193 1239 2234 fictus
1266 2200 1304 2234 et
1331 2193 1400 2234 ille
1426 2201 1502 2242 est,

429 2248 591 2290 concita
615 2249 689 2303 qui
713 2250 849 2292 ventis
875 2264 1063 2304 aequora
1087 2250 1263 2299 mulcet,
1291 2265 1432 2299 avum,

369 2320 445 2361 per
469 2306 682 2348 Venerem
705 2306 966 2361 nimiumque.
990 2306 1094 2347 mihi
1119 2306 1316 2348 facientia
1340 2307 1436 2355 tela,

301 2378 344 2408 40
427 2363 558 2404 altera
582 2364 666 2405 tela
690 2378 832 2414 arcus,
859 2365 990 2405 altera
1014 2364 1097 2405 tela
1122 2364 1250 2412 faces,

369 2419 680 2474 Iunonemque,
706 2421 807 2462 toris
833 2435 942 2475 quae
967 2420 1177 2475 praesidet
1203 2421 1313 2461 alma
1338 2419 1512 2469 maritis,

427 2485 468 2518 et
492 2491 567 2532 per
591 2477 820 2520 taediferae
844 2477 1022 2533 mystica
1047 2492 1165 2519 sacra
1190 2477 1306 2518 deae.

370 2533 404 2574 si
431 2533 481 2574 de
507 2541 568 2574 tot
592 2534 716 2576 laesis
742 2550 819 2576 sua
842 2534 1017 2576 numina
1042 2534 1220 2588 quisque
1246 2534 1421 2575 deorum

426 2590 629 2640 vindicet,
654 2591 697 2632 in
722 2606 880 2646 poenas
905 2606 990 2633 non
1015 2591 1114 2632 satis
1140 2606 1250 2632 unus
1277 2591 1371 2632 eris.

302 2661 344 2691 45
371 2653 413 2687 at
437 2646 596 2688 laceras
623 2648 748 2689 etiam
775 2663 939 2703 puppes
964 2648 1123 2689 furiosa
1147 2648 1289 2696 refeci,

426 2710 492 2752 ut,
518 2717 603 2756 qua
628 2705 854 2754 desererer,
880 2705 1002 2746 firma
1026 2704 1168 2746 carina
1193 2704 1320 2745 foret:

369 2760 677 2815 remigiumque
704 2761 818 2810 dedi,
845 2775 928 2815 quo
954 2776 1021 2802 me
1046 2761 1259 2816 fugiturus
1285 2759 1436 2801 abires,
