1831 3168
337 215 360 255 8
784 220 827 253 P.
855 217 998 254 OVIDI
1025 217 1242 253 NASONIS

268 321 310 349 30
393 310 599 346 auxerunt
624 300 803 343 blandae
827 299 1005 354 grandia
1029 299 1140 339 dona
1165 313 1322 354 preces,

337 361 482 416 viginti
508 359 643 400 fulvos
668 371 845 412 operoso
871 371 923 397 ex
949 370 1044 397 aere
1069 355 1228 396 lebetas

392 427 432 458 et
458 415 642 470 tripodas
668 421 827 468 septem
854 411 1039 466 pondere
1065 420 1106 453 et
1131 419 1219 453 arte
1244 426 1385 467 pares:

336 474 478 514 addita
502 479 599 513 sunt
624 470 703 511 illis
729 469 820 510 auri
845 469 909 509 bis
935 468 1122 522 quinque
1147 468 1316 516 talenta,

393 529 456 569 bis
482 543 554 569 sex
579 526 742 568 adsueti
769 525 935 567 vincere
961 540 1126 580 semper
1151 525 1261 579 equi,

268 602 308 631 35
335 586 531 640 quodque
557 597 866 639 supervacuum
891 589 972 632 est,
996 582 1134 624 forma
1158 588 1397 638 praestante
1423 580 1585 636 puellae

391 641 617 689 Lesbides,
644 655 790 682 eversa
816 653 992 695 corpora
1017 647 1140 694 capta
1166 639 1310 680 domo:

336 713 516 752 cumque
543 706 603 739 tot
627 696 691 737 his
716 695 811 749 (sed
835 712 918 737 non
945 711 1050 751 opus
1076 703 1137 738 est
1163 696 1238 737 tibi
1264 695 1462 750 coniuge)
1489 693 1671 736 coniunx

393 771 444 796 ex
471 753 820 808 Agamemnoniis
846 768 930 794 una
955 753 1096 808 puella
1121 753 1266 794 tribus.

338 813 372 853 si
398 811 473 853 tibi
498 811 551 852 ab
577 810 728 851 Atride
753 810 886 865 pretio
912 809 1157 851 redimenda
1182 809 1370 857 fuissem,

270 884 313 913 40
394 883 502 923 quae
528 868 627 909 dare
652 867 871 916 debueras,
898 867 1086 921 accipere
1113 867 1184 907 illa
1209 866 1364 921 negas?

339 939 422 980 qua
446 924 578 966 merui
605 923 728 978 eulpa
752 923 841 964 fieri
867 923 940 964 tibi
967 923 1079 971 vilis,
1107 922 1297 964 Achille?

398 996 481 1036 quo
506 981 609 1023 levis
635 996 659 1021 a
683 980 804 1021 nobis
829 987 915 1020 tam
940 980 1021 1021 cito
1046 980 1156 1034 fugit
1182 979 1322 1020 amor?

340 1056 393 1080 an
418 1039 591 1079 miseros
616 1037 743 1078 tristis
769 1036 938 1077 fortuna
964 1036 1166 1078 tenaciter
1192 1043 1327 1090 urget,

396 1110 474 1136 nec
499 1094 613 1135 venit
636 1093 812 1148 inceptis
838 1093 1003 1134 mollior
1026 1093 1129 1134 hora
1154 1092 1283 1133 meis?

272 1167 313 1196 45
341 1152 478 1193 diruta
501 1158 634 1191 marte
659 1158 731 1191 tuo
756 1149 964 1204 Lyrnesia
988 1149 1154 1190 moenia
1178 1149 1277 1197 vidi,

398 1216 438 1250 et
463 1208 625 1249 fueram
650 1207 809 1262 patriae
834 1222 931 1261 pars
958 1222 1037 1261 ego
1063 1221 1218 1261 magna
1244 1219 1373 1246 meae.

342 1265 427 1306 vidi
453 1271 666 1306 consortes
691 1264 846 1318 pariter
870 1263 1121 1318 generisque
1146 1262 1346 1315 necisque

398 1330 482 1363 tres
507 1320 726 1362 cecidisse:
753 1320 905 1369 tribus,
931 1334 1039 1373 quae
1065 1319 1185 1368 mihi,
1213 1328 1344 1359 mater
1369 1326 1470 1360 erat.

342 1378 447 1428 vidi,
472 1385 655 1431 quantus
680 1384 788 1426 erat,
814 1376 956 1417 fusum
981 1377 1128 1417 tellure
1155 1383 1328 1417 cruenta

275 1448 318 1478 50
399 1442 570 1490 pectora
592 1434 817 1475 iactantem
842 1433 1167 1488 sanguinulenta
1191 1432 1340 1472 virum.

343 1498 402 1533 tot
429 1498 570 1532 tamen
595 1490 758 1531 amissis
783 1497 823 1530 te
850 1489 1215 1545 compensavimus
1241 1503 1392 1529 unum:

399 1555 445 1588 tu
471 1546 685 1595 dominus,
711 1553 757 1587 tu
786 1546 858 1595 vir,
884 1553 930 1587 tu
954 1546 1056 1587 mihi
1082 1545 1212 1586 frater
1237 1560 1340 1586 eras.

344 1612 389 1644 tu
414 1603 535 1652 mihi,
561 1602 721 1644 iuratus
746 1617 821 1657 per
845 1602 1020 1643 numina
1045 1602 1188 1643 matris
1215 1615 1414 1655 aquosae,

400 1660 501 1701 utile
527 1659 697 1701 dicebas
722 1659 812 1714 ipse
837 1658 967 1700 fuisse
993 1659 1104 1713 capi:

276 1730 317 1760 55
345 1717 503 1758 scilieet
526 1723 592 1765 ut,
619 1715 811 1769 quamvis
835 1715 1000 1756 veniam
1027 1716 1190 1764 dotata,
1215 1715 1407 1770 repellas,

402 1780 444 1815 et
467 1788 634 1814 mecum
659 1772 819 1827 fugias,
846 1786 955 1826 quae
980 1772 1055 1813 tibi
1080 1772 1246 1820 dantur,
1273 1786 1387 1826 opes.

345 1830 447 1884 quin
472 1829 598 1872 etiam
623 1829 735 1869 fama
761 1836 842 1876 est,
869 1843 964 1869 cum
991 1829 1173 1869 crastina
1197 1828 1360 1869 fulserit
1386 1827 1501 1876 hora,

401 1894 443 1927 te
468 1886 568 1927 dare
593 1884 798 1926 nubiferis
822 1885 952 1926 lintea
977 1885 1083 1926 velle
1108 1884 1229 1925 notis.

346 1942 460 1997 quod
485 1942 622 1983 scelus
647 1949 693 1982 ut
717 1941 892 1996 pavidas
919 1941 1094 1983 miserae
1119 1941 1221 1981 mihi
1248 1941 1421 1996 contigit
1448 1956 1584 1991 aures,

280 2013 321 2042 60
405 1998 620 2054 sanguinis
646 2006 771 2051 atque
797 1997 924 2038 animi
950 2006 1095 2053 pectus
1121 1998 1244 2038 inane
1270 1997 1362 2038 fuit.

347 2056 445 2105 ibis,
473 2063 513 2097 et
539 2055 583 2108 (o
608 2055 824 2108 miseram)
850 2054 917 2095 cui
942 2069 1028 2104 me,
1054 2054 1255 2103 violente,
1281 2054 1508 2108 relinquis?

404 2112 496 2166 quis
523 2111 624 2152 mihi
650 2111 838 2153 desertae
862 2111 961 2152 mite
986 2111 1179 2152 levamen
1205 2111 1306 2152 erit?

348 2170 523 2210 devorer
547 2175 662 2217 ante,
688 2183 849 2223 precor,
876 2168 1013 2209 subito
1039 2167 1197 2209 telluris
1223 2167 1353 2218 hiatu,

405 2233 478 2266 aut
502 2225 625 2266 rutilo
650 2225 764 2265 missi
790 2225 977 2266 fulminis
1003 2225 1100 2280 igne
1126 2239 1298 2273 cremer,

282 2296 321 2325 65
349 2297 476 2337 quam
502 2282 590 2323 sine
614 2296 681 2323 me
706 2281 873 2323 Phthiis
899 2288 1124 2323 canescant
1150 2296 1333 2336 aequora
1358 2281 1498 2329 remis,

405 2347 445 2380 et
470 2338 636 2380 videam
662 2353 825 2394 puppes
849 2338 908 2380 ire
933 2338 1079 2380 relicta
1102 2345 1209 2379 tuas.

349 2395 383 2436 si
407 2395 483 2436 tibi
508 2395 592 2436 iam
616 2395 859 2449 reditusque
885 2395 1052 2450 placent
1077 2395 1284 2450 patriique
1311 2402 1498 2450 penatcS‚

405 2466 489 2493 non
515 2467 594 2507 ego
620 2467 714 2493 sum
740 2451 864 2493 classi
889 2451 1053 2493 sarcina
1079 2467 1234 2507 magna
1260 2460 1369 2493 tuae.

350 2508 551 2550 victorem
576 2509 743 2564 captiva
767 2522 932 2562 sequar,
957 2523 1041 2550 non
1067 2517 1199 2564 nupta
1223 2508 1439 2550 maritum:

284 2579 325 2608 70
407 2572 469 2606 est
493 2565 613 2615 mihi,
639 2579 748 2619 quae
772 2565 889 2607 lanas
914 2566 1093 2616 molliat,
1119 2573 1218 2621 apta
1242 2581 1405 2607 manus.

349 2621 457 2662 inter
481 2622 723 2663 Acha'iadas
748 2622 874 2678 longe
900 2622 1181 2678 pulcherrima
1206 2630 1361 2664 matres

407 2678 449 2718 in
475 2678 681 2719 thalamos
708 2679 890 2720 coniunx
916 2680 992 2720 ibit
1017 2679 1207 2734 (eatque)
1232 2687 1341 2728 tuos,

351 2734 480 2790 digna
504 2750 634 2776 nurus
661 2750 824 2786 socero,
852 2736 963 2778 Iovis
990 2736 1269 2791 Aeginaeque
1295 2742 1461 2790 nepote,
