1831 3168
371 208 426 251 82
851 215 895 250 Ρ.
923 215 1068 252 OVIDI
1094 215 1310 252 NASONIS

427 299 532 342 hacc
558 298 632 341 tibi
659 298 693 340 si
719 297 863 340 demas
890 297 1130 347 commoda,
1157 298 1297 339 nudus
1322 299 1414 341 eris.

370 358 480 399 lacta
504 355 780 411 triumphanti
806 355 857 397 de
884 369 1047 396 summo
1074 364 1208 397 mater
1233 354 1420 412 Olympo

301 428 344 457 40
426 413 599 469 plaudet
625 422 665 454 ct
692 412 905 467 adpositas
931 421 1101 467 sparget
1127 412 1171 453 in
1196 426 1269 454 ora
1294 427 1422 454 rosas

370 479 414 511 tu
441 471 590 525 pinnas
615 484 803 525 gemma,
830 483 999 524 gemma
1024 470 1213 511 variante
1240 469 1411 524 capillos

426 527 506 569 ibis
532 527 575 568 in
602 526 759 568 auratis
785 541 938 568 aureus
964 527 1055 581 ipse
1080 526 1194 568 rotis.

370 592 470 625 tunc
496 598 665 638 quoque
692 598 775 624 non
800 598 978 638 paucos,
1006 583 1040 624 si
1066 591 1106 625 te
1133 583 1240 625 bene
1266 584 1477 633 novimus,
1506 600 1621 627 ures:

426 649 526 683 tunc
552 655 721 694 quoque
748 641 1005 695 praeteriens
1032 640 1206 682 vulnera
1233 641 1364 682 multa
1390 641 1522 682 dabis.

300 712 342 741 42>
368 713 452 740 non
478 704 673 753 possunt,
700 697 795 739 licet
822 698 911 753 ipse
938 697 1060 747 velis,
1089 712 1253 740 cessare
1279 698 1476 753 sagittae:

425 755 590 797 fervida
613 754 752 796 vicino
777 755 948 795 flamma
974 769 1129 810 vapore
1154 762 1290 797 nocet.

369 813 464 854 talis
490 819 580 854 erat
605 811 762 853 domita
788 811 985 853 Bacchus
1013 812 1255 866 Gancretide
1281 821 1403 853 terra.

426 878 473 911 tu
497 869 639 925 graiis
666 868 854 918 alitibus,
880 869 1059 924 tigribus
1085 869 1154 910 ille
1180 869 1271 910 fuit.

369 941 469 982 ergo
496 941 575 982 ego
602 941 697 967 cum
723 926 882 981 possim
908 926 1015 967 szwcri
1040 941 1136 981 pars
1164 941 1255 967 esse
1280 926 1494 981 triumphi,

299 996 343 1027 50
426 998 551 1039 parce
577 991 670 1024 tuas
697 983 738 1024 in
764 998 831 1024 me
858 983 1051 1038 pcider,e
1077 982 1222 1031 iictor,
1250 997 1363 1038 opes.

368 1042 509 1097 aspice
536 1040 705 1095 cognati
729 1039 868 1082 felicia
896 1015 1092 1081 Caesaiis
1120 1055 1254 1080 {·:111na

424 1113 508 1153 qua
534 1097 645 1147 vicit,
672 1097 804 1139 iictos
831 1097 1013 1152 protegit
1039 1097 1107 1138 illc
1134 1112 1275 1138 manu.

1016 1246 1098 1286 III.

367 1327 486 1369 Iusta
510 1340 670 1381 precor.
732 1339 840 1379 quae
866 1340 932 1366 me
959 1340 1093 1380 nuper
1118 1325 1319 1380 praedata
1345 1326 1485 1381 puella
1511 1334 1585 1375 est,

426 1391 498 1425 aut
524 1391 655 1432 amet,
682 1393 754 1423 aut
780 1382 909 1423 faciat
934 1397 1008 1423 cnr
1034 1397 1112 1437 ego
1140 1397 1305 1437 semper
1331 1398 1480 1424 amem.

367 1456 410 1491 a,
435 1440 613 1481 nimium
638 1439 770 1480 volui!
809 1447 972 1480 tantum
999 1440 1182 1494 patiatur
1208 1439 1357 1480 amari:

424 1497 604 1539 audierit
628 1504 792 1537 nostias
817 1504 878 1537 tot
905 1494 1120 1551 Cythelea
1143 1511 1301 1551 preces.

321 1567 340 1596 5
368 1555 531 1619 accipe,
557 1569 632 1609 per
656 1554 807 1608 longos
833 1553 909 1594 tibi
935 1553 1006 1607 qui
1033 1553 1241 1594 deserviat
1268 1569 1419 1595 annos:

425 1611 589 1666 accipe,
616 1610 689 1664 qui
714 1625 820 1665 pura
845 1610 954 1651 norit
979 1625 1120 1651 amare
1146 1610 1242 1651 fide.

366 1669 401 1710 si
426 1683 493 1710 me
519 1682 604 1709 non
630 1675 821 1733 veterum
847 1667 1145 1708 commendant
1170 1682 1327 1722 magna
1351 1675 1574 1722 parentum

423 1725 613 1774 nomina,
640 1724 674 1765 si
699 1724 832 1765 nostri
858 1724 1075 1780 sanguinis
1104 1734 1250 1766 auctor
1276 1738 1417 1778 eques,

365 1797 444 1825 nec
468 1797 588 1824 meus
613 1781 845 1823 innumeris
870 1790 1099 1823 renovatur
1124 1796 1299 1837 campus
1326 1781 1487 1830 aratris,

300 1851 340 1881 10
422 1847 630 1894 temperat
655 1846 695 1880 et
721 1846 913 1893 sumptus
940 1853 1093 1893 parcus
1119 1847 1296 1892 uterque
1321 1853 1491 1893 parens:

365 1903 408 1937 at
432 1895 634 1937 Phoebus
661 1895 921 1949 comitesque
946 1910 1099 1937 novem
1125 1896 1306 1949 vitisque
1333 1904 1522 1949 repertor

421 1952 527 1994 haec
552 1952 713 1993 faciunt
739 1960 792 1998 et,
817 1968 884 1994 me
910 1952 982 2006 qui
1008 1953 1083 1992 tibi
1110 1952 1257 2001 donat,
1285 1953 1433 1999 Amor,

366 2016 405 2050 et
431 2009 535 2050 nulli
560 2023 730 2050 cessura
754 2009 879 2058 fides,
907 2010 995 2050 sine
1022 2009 1194 2050 crimine
1220 2023 1372 2057 mores,

421 2066 621 2120 nudaque
649 2065 894 2121 simplicitas
920 2081 1241 2121 purpureusque
1268 2066 1416 2120 pudor.

299 2135 338 2165 15
364 2137 449 2164 non
474 2122 577 2164 mihi
601 2123 714 2164 mille
740 2123 927 2177 placent,
954 2138 1038 2164 non
1064 2139 1157 2164 sum
1183 2123 1371 2164 desultor
1397 2123 1568 2164 amoris:

420 2189 466 2221 tu
491 2179 613 2229 mihi,
640 2180 761 2233 siqua
785 2180 909 2229 fides,
937 2194 1038 2221 cura
1062 2180 1259 2235 perennis
1286 2179 1380 2221 eris.

363 2245 503 2279 tecum
529 2251 635 2291 quos
661 2236 852 2278 dederint
878 2252 1009 2278 annos
1035 2237 1138 2278 mihi
1163 2237 1233 2278 fila
1259 2251 1463 2286 sororum,

420 2294 562 2335 vivere
589 2293 823 2350 contingat,
849 2301 974 2348 teque
1002 2294 1168 2335 dolente
1194 2294 1312 2335 mori.

363 2359 404 2393 te
429 2350 533 2392 mihi
557 2350 773 2393 materiem
799 2351 965 2392 felicem
990 2351 1033 2392 in
1060 2351 1245 2392 carmina
1270 2350 1445 2406 praebe:

295 2420 338 2451 20
419 2407 667 2463 provenient
692 2422 821 2449 causa
846 2408 1033 2449 carmina
1058 2408 1187 2464 digna
1213 2423 1303 2450 sua.

363 2465 548 2506 carmine
573 2479 728 2506 nomen
754 2465 911 2507 habent
936 2465 1135 2507 exterrita
1160 2465 1357 2506 cornibus
1384 2464 1432 2506 Io

420 2530 461 2563 et
486 2536 615 2576 quam
639 2522 839 2564 fluminea
863 2523 962 2564 lusit
988 2523 1154 2564 adulter
1179 2537 1269 2571 ave,

363 2593 557 2633 quaeque
584 2594 711 2634 super
735 2587 912 2644 pontum
937 2580 1132 2621 simulato
1158 2587 1281 2621 vecta
1304 2579 1483 2621 iuvenco

419 2636 610 2690 virginea
635 2637 769 2678 tenuit
796 2651 955 2678 cornua
980 2652 1080 2678 vera
1104 2652 1246 2678 manu.

295 2705 336 2735 25
363 2706 439 2732 nos
464 2706 632 2746 quoque
659 2708 734 2748 per
759 2701 891 2735 totum
918 2694 1075 2749 pariter
1100 2693 1366 2735 cantabimur
1390 2693 1550 2743 orbem,

417 2748 644 2804 iunctaque
671 2765 837 2806 semper
863 2758 983 2792 erunt
1009 2751 1181 2792 nomina
1206 2758 1348 2792 nostra
1373 2750 1469 2791 tuis.
