1831 3168
378 208 436 252 64
832 216 874 252 Ρ.
901 216 1045 252 OV1D1
1070 215 1286 252 NASONIS

435 300 537 341 ‘iam
564 298 639 340 tibi
665 297 891 339 formosam
916 296 1099 352 porriget
1124 297 1195 338 illa
1219 312 1402 339 manum.

378 357 553 398 forsitan
579 354 758 396 admotis
783 353 909 395 etiam
935 361 1106 408 tangere
1131 353 1307 402 labellis,

435 426 629 466 rumpere
655 411 754 451 dum
780 410 902 451 niveo
927 410 1095 451 vincula
1119 410 1243 451 dente
1268 409 1405 451 volet.'

379 469 532 510 talibus
559 467 712 522 exiguo
738 466 858 508 dictis
883 466 984 507 mihi
1010 481 1222 508 murmure
1247 465 1399 515 verbis,

311 539 353 569 20
437 530 602 566 caetera
627 539 721 565 cum
748 522 892 565 charta
916 523 1063 563 dextra
1087 523 1226 564 locuta
1250 537 1344 564 mea
1369 530 1444 564 est.

378 589 421 623 at
445 587 602 635 quanto
627 580 814 628 mallem,
840 593 966 632 quam
993 579 1209 628 scriberet,
1234 579 1306 620 illa
1328 585 1492 621 nataret

434 651 586 691 meque
610 651 684 691 per
709 636 904 677 adsuetas
929 636 1075 677 sedula
1099 635 1226 678 ferret
1250 634 1398 689 aquas!

379 694 515 750 aptior
538 693 609 734 illa
634 692 802 746 quidem
828 692 993 747 placido
1019 692 1117 734 dare
1143 692 1318 734 verbera
1342 700 1489 747 ponto:

437 757 499 792 est
524 756 662 791 tamen
690 757 729 792 et
754 764 900 790 sensus
926 756 1023 804 apta
1046 749 1236 790 ministra
1259 748 1353 790 mei.

311 821 352 851 25
380 807 556 862 septima
580 820 664 847 nox
690 806 841 860 agitur,
867 806 1048 860 spatium
1074 805 1175 846 mihi
1198 805 1365 860 longius
1391 818 1513 853 anno,

435 863 658 905 sollicitum
682 862 818 903 raucis
844 870 891 903 ut
914 877 1028 903 mare
1053 862 1188 904 fervet
1212 863 1343 915 aquis.

378 920 442 961 his
469 934 548 974 ego
575 919 608 960 si
633 919 718 960 vidi
743 919 998 960 mulcentem
1023 926 1193 973 pectora
1218 933 1411 959 somnum

435 976 648 1025 noctibus,
673 975 809 1016 insani
834 975 887 1016 sit
910 989 1027 1015 mora
1050 975 1178 1028 longa
1202 974 1310 1016 freti.

379 1048 482 1088 rupe
508 1033 657 1074 sedens
683 1032 824 1085 aliqua
849 1039 991 1086 specto
1016 1039 1089 1072 tua
1112 1031 1236 1072 litora
1260 1031 1401 1079 tristis,

276 1119 292 1132 .
312 1102 355 1133 30
439 1097 480 1131 et
505 1103 587 1143 quo
613 1103 696 1129 non
721 1102 894 1142 possum
919 1102 1113 1142 corpore,
1139 1095 1279 1129 mente
1304 1087 1428 1129 feror.

378 1146 539 1187 lumina
564 1145 665 1199 quin
691 1145 815 1186 etiam
840 1159 1005 1185 summa
1030 1144 1247 1199 vigilantia
1271 1151 1384 1186 turre

437 1209 509 1244 aut
534 1202 648 1243 videt
673 1208 743 1242 aut
769 1201 879 1243 acies
903 1208 1047 1241 nostra
1071 1201 1213 1242 videre
1238 1208 1370 1255 putat.

379 1266 443 1300 ter
466 1258 569 1299 mihi
594 1257 784 1313 deposita
809 1264 871 1299 est
894 1257 936 1298 in
963 1257 1074 1299 sicca
1097 1257 1224 1299 vestis
1250 1257 1420 1306 harena,

435 1322 498 1356 ter
522 1329 651 1370 grave
676 1314 879 1369 temptavi
904 1329 1074 1368 carpere
1099 1314 1237 1354 nudus
1262 1313 1357 1355 iter:

312 1384 353 1415 35
380 1371 540 1413 obstitit
564 1370 740 1425 inceptis
765 1370 973 1411 tumidum
996 1370 1261 1412 iuvenalibus
1287 1384 1456 1424 aequor,

434 1427 578 1469 mersit
604 1435 644 1469 et
668 1426 845 1468 inversis
871 1441 944 1468 ora
967 1427 1148 1467 natantis
1175 1426 1307 1480 aquis.

379 1492 422 1526 at
447 1492 511 1532 tn,
538 1484 589 1525 de
613 1483 770 1538 rapidis
795 1483 1175 1524 inmansuetissime
1201 1483 1350 1531 ventis,

437 1540 537 1594 quid
561 1554 727 1581 mecum
753 1546 866 1581 certa
890 1539 1048 1594 proelia
1071 1547 1210 1581 mente
1235 1539 1371 1594 geris?

378 1597 422 1638 in
447 1612 533 1645 me,
560 1596 595 1637 si
619 1595 775 1645 nescis,
801 1595 958 1645 Borea,
984 1610 1069 1636 non
1094 1609 1278 1649 aequora
1302 1595 1451 1637 saevis.

309 1667 354 1698 40
436 1653 539 1707 quid
563 1652 743 1702 faceres,
770 1659 878 1694 esset
902 1652 946 1693 ni
971 1652 1046 1693 tibi
1070 1660 1194 1693 notus
1220 1652 1362 1693 amor?

379 1717 464 1751 tam
490 1709 654 1765 gelidus
681 1723 809 1763 quom
835 1709 910 1759 sis,
935 1723 1020 1750 non
1044 1716 1084 1751 te
1110 1716 1269 1759 tamen,
1295 1708 1499 1764 improbe,
1525 1706 1739 1762 quondam

435 1766 605 1822 ignibus
630 1765 803 1807 Actaeis
827 1765 1051 1807 incaluisse
1075 1781 1220 1821 negas.

377 1823 535 1878 gaudia
559 1829 730 1876 rapturo
755 1822 884 1875 siquis
909 1822 985 1863 tibi
1011 1822 1205 1863 claudere
1231 1822 1355 1864 vellet

436 1879 568 1920 aerios
593 1879 749 1926 aditus,
776 1892 860 1932 quo
884 1885 1072 1933 paterere
1097 1878 1247 1919 modo?

310 1949 353 1979 45
379 1950 523 1990 parce,
549 1949 710 1989 precor,
736 1934 987 1988 facilemque
1012 1949 1134 1976 move
1158 1934 1415 1976 moderatius
1441 1946 1606 1974 auram:

434 1991 612 2046 imperet
636 1990 901 2045 Hippotades
927 1991 986 2031 sic
1011 1991 1086 2032 tibi
1112 1991 1226 2032 triste
1251 1991 1366 2032 nihil.

378 2063 488 2088 vana
512 2054 623 2102 peto,
649 2047 929 2102 precibusque
954 2047 1057 2088 meis
1083 2048 1372 2088 obmurmurat
1396 2047 1499 2101 ipse,

435 2118 623 2158 quasque
650 2103 802 2157 quatit,
827 2104 943 2144 nulla
967 2111 1084 2158 parte
1111 2111 1274 2145 coercet
1299 2117 1443 2157 aquas.

377 2174 490 2202 nunc
515 2160 632 2202 daret
657 2160 838 2201 audaces
862 2160 1023 2201 utinam
1047 2160 1149 2200 mihi
1174 2160 1392 2202 Daedalus
1417 2158 1523 2200 alas!

310 2231 353 2260 50
435 2216 617 2258 Icarium
644 2217 835 2270 quamvis
860 2216 927 2257 hic
951 2231 1081 2272 prope
1106 2217 1204 2258 litus
1230 2217 1361 2258 adest.

379 2273 583 2327 quidquid
609 2273 701 2323 erit,
727 2273 875 2328 patiar,
900 2273 1025 2315 liceat
1048 2274 1174 2315 modo
1200 2287 1351 2328 corpus
1376 2273 1419 2313 in
1445 2287 1568 2313 auras

435 2330 597 2379 tollere,
622 2330 736 2384 quod
761 2329 889 2371 dubia
914 2345 1038 2385 saepe
1063 2330 1263 2385 pependit
1288 2344 1409 2383 aqua.

375 2386 553 2435 interea,
580 2386 680 2427 dum
706 2393 856 2428 cuncta
879 2394 1038 2441 negant
1061 2387 1260 2440 ventique
1284 2386 1537 2440 fretumque,

433 2450 572 2484 mente
598 2443 710 2498 agito
735 2442 836 2484 furti
861 2449 1050 2498 tempora
1076 2443 1210 2498 prima
1233 2442 1328 2484 mei.

310 2511 351 2541 55
377 2513 460 2539 nox
486 2506 572 2541 erat
596 2499 813 2554 incipiens,
837 2523 894 2529 —
914 2513 1096 2553 namque
1122 2507 1184 2542 est
1208 2499 1446 2541 meminisse
1470 2498 1663 2554 voluptas
1681 2514 1747 2529 -u

435 2570 529 2596 eum
555 2556 714 2597 foribus
740 2556 883 2611 patriis
909 2557 1157 2611 egrediebar
1181 2571 1340 2598 amans.

376 2625 455 2653 nec
481 2625 615 2661 mora,
642 2612 829 2667 deposito
855 2613 1010 2667 pariter
1034 2628 1129 2655 cum
1155 2619 1269 2655 veste
1295 2613 1441 2654 timore

433 2667 640 2709 iactabam
666 2669 826 2722 liquido
851 2669 1048 2711 bracchia
1071 2670 1186 2711 lenta
1209 2669 1327 2711 mari.

376 2723 477 2765 luna
501 2723 587 2766 fere
614 2725 838 2766 tremulum
863 2726 1093 2780 praebebat
1117 2727 1258 2768 lumen
1284 2725 1411 2774 eunti,
