1831 3168
277 256 359 300 194
726 263 769 298 P.
798 263 942 298 OVIDI
969 261 1184 298 NASONIS

331 355 452 403 grata
478 360 595 387 mma
621 344 782 387 ιοιιίοεε
810 345 993 386 maxima
1021 345 1114 387 lena
1140 359 1256 386 mora
1282 352 1357 388 est.

275 407 351 447 etsi
377 403 510 459 turpis
537 402 636 451 eris,
662 402 848 443 formosa
873 402 1070 444 videbere
1097 403 1220 457 potis,

332 471 370 504 ct
396 460 579 502 latebras
605 459 715 500 vitiis
741 474 824 500 nox
851 459 1002 500 dabit
992 474 1083 514 ipsa
1109 459 1203 500 tuis.

185 533 246 562 755
275 534 397 574 calpe
424 517 539 558 eibos
565 516 706 571 digitis
732 515 815 570 (est
840 516 1042 570 quiddam
1067 524 1211 571 gestus
1237 517 1408 571 edendi)

331 590 404 617 ora
427 588 506 616 nec
530 573 748 614 immunda
773 580 861 614 tota
885 588 1105 629 perungue
1130 588 1272 614 manu.

274 634 361 674 sive
388 630 501 673 domi
525 645 746 686 praesume
773 630 921 685 dapes,
949 645 1023 672 seu
1049 630 1192 672 desine
1219 631 1334 679 citra,

330 704 458 743 quam
483 687 623 743 cupis,
650 695 691 729 et
715 687 860 742 paulo,
887 701 1014 752 quam
1040 688 1471 743 potes,esse,p1ius.

274 745 508 787 Priamides
536 744 728 786 Helenen
755 744 877 785 avide
904 744 936 784 si
961 752 1121 799 spectet
1147 718 1352 793 edentem,

185 818 248 847 700
331 803 465 844 odeiit
491 809 529 843 et
556 801 669 842 dicat
694 801 840 842 ‘stulta
864 801 1012 856 rapina
1037 817 1131 843 mea
1157 802 1245 843 est!

274 861 412 916 aptius
439 866 501 900 est
527 858 758 912 deceatque
784 858 919 913 magis
945 865 1089 913 potare
1115 859 1296 913 puellas.

332 932 429 958 cum
453 915 632 958 Venelis
659 930 789 971 puero
814 930 898 956 non
921 915 1050 965 male,
1078 915 1267 964 Bacche,
1293 914 1409 956 facis.

275 975 354 1015 hoc
379 987 566 1027 quoque,
593 986 678 1026 qua
702 972 864 1028 patiens
891 980 1017 1028 caput
1049 979 1130 1022 est,
1157 972 1406 1026 animusque
1433 973 1647 1028 pedesque

333 1036 543 1078 constant3
570 1044 665 1077 nec,
693 1043 801 1083 quae
828 1038 926 1070 sunt
951 1029 1137 1085 singula,
1163 1029 1263 1070 bina
1288 1029 1397 1070 vide.

186 1101 248 1130 765
276 1096 395 1142 turpe
420 1087 561 1128 iacens
586 1086 738 1127 mulier
762 1087 893 1127 multo
919 1087 1156 1128 madefacta
1181 1086 1348 1141 Lyaeo·

332 1145 460 1199 (ligna
486 1151 549 1185 est
575 1143 824 1185 concubitus
850 1143 1059 1197 quoslibet
1085 1144 1156 1184 illa
1180 1102 1281 1199 payti.

275 1215 352 1243 uec
377 1200 534 1242 somnis
559 1200 696 1255 posita
721 1208 858 1241 tutum
885 1201 1158 1242 succumbere
1186 1215 1342 1242 mensa.

332 1273 405 1314 per
431 1272 599 1299 somnos
625 1257 716 1298 fieri
740 1257 873 1298 multa
897 1257 1095 1312 pudenda
1121 1258 1267 1299 solent.
1294 1282 1351 1287 ——

274 1315 474 1356 ulteliora
497 1314 629 1370 pudet
654 1314 857 1356 docuisse.
918 1314 992 1355 sed
1018 1315 1127 1355 alma
1153 1314 1291 1355 Dione

186 1384 249 1414 770
332 1371 575 1436 ‘praecipue
600 1378 790 1412 nostrum
816 1377 897 1420 est,
923 1371 1037 1424 quod
1062 1371 1225 1426 pudet,
1251 1371 1423 1425 inquit‘
1432 1385 1537 1426 opus
1562 1403 1570 1411 .

274 1435 373 1470 nota
399 1428 478 1469 sibi
503 1428 556 1469 sit
581 1441 792 1493 quaeque:
820 1427 967 1469 modos
994 1443 1017 1468 ιι
1043 1442 1114 1469 coi
1117 1443 1216 1483 pole
1243 1437 1377 1469 certos

332 1485 502 1526 sumite:
528 1499 613 1526 non
638 1484 773 1525 omnis
799 1499 884 1525 una
909 1484 1045 1539 figura
1071 1484 1202 1525 decet.

276 1557 385 1596 quae
412 1541 519 1583 facie
544 1540 779 1597 praesignis
806 1541 901 1589 erit,
927 1540 1127 1596 resupina
1151 1541 1304 1582 iaceto:

333 1605 574 1654 spectentur
598 1605 730 1653 tergo,
757 1598 849 1651 quis
875 1613 952 1639 sua
976 1605 1095 1653 terga
1119 1598 1299 1653 placent.

185 1669 248 1699 775
275 1655 485 1697 Milanion
509 1655 666 1697 umeris
691 1655 914 1696 Atalantes
940 1669 1062 1696 crura
1087 1655 1267 1696 ferebat:

333 1713 367 1753 si
392 1712 504 1754 bona
529 1719 645 1762 sunt,
670 1711 750 1753 hoc
794 1719 892 1752 sunt
928 1711 1169 1767 aspicienda
1194 1711 1332 1753 modo.

275 1784 406 1825 parva
431 1769 610 1811 vehatur
634 1782 758 1823 equo.
818 1768 932 1822 quod
958 1776 1047 1810 erat
1071 1769 1330 1824 longissima,
1357 1783 1590 1823 numquam

332 1826 518 1868 Theba'is
544 1827 758 1868 Hectoreo
783 1833 916 1880 nupta
940 1825 1095 1867 resedit
1120 1840 1242 1880 equo.

276 1891 406 1924 strata
431 1889 592 1938 premat
617 1882 798 1938 genibus
824 1882 999 1937 paulum
1025 1883 1187 1924 cervice
1212 1883 1368 1924 reflexa

186 1953 250 1984 780
332 1940 491 1982 femina
515 1954 590 1994 per
614 1940 789 1995 longum
814 1939 1111 1994 conspicienda
1134 1940 1256 1980 latus.

276 1997 344 2038 cui
369 1996 507 2038 semul
532 2003 595 2061 est
619 1974 831 2044 iuvenale,
858 2003 1001 2037 caient
1026 2010 1194 2050 quoque
1219 2003 1391 2051 pectora
1417 1997 1584 2045 menda,

333 2060 414 2095 stet
438 2052 513 2101 vir,
539 2052 580 2093 in
608 2052 744 2093 oblico
771 2051 866 2092 fusa
891 2052 944 2093 sit
969 2053 1060 2107 ipsa
1086 2060 1190 2093 toro.

275 2125 352 2151 nec
378 2109 453 2151 tibi
478 2117 601 2164 turpe
626 2116 729 2164 puta
754 2109 930 2158 crinem,
956 2118 1001 2150 ut
1027 2108 1221 2164 Phylle‘fa
1246 2117 1392 2159 mater,

333 2167 513 2216 solvere,
538 2175 578 2208 et
604 2165 749 2208 effusis
775 2166 883 2207 colla
905 2166 1072 2207 reflecte
1098 2166 1241 2207 comis.

185 2238 248 2269 785
276 2231 320 2265 tu
347 2237 536 2277 quoque,
563 2223 630 2264 cui
655 2223 771 2278 rugis
796 2230 963 2264 uterum
990 2223 1157 2264 Lucina
1181 2223 1355 2271 notavit,

331 2289 378 2322 ut
403 2281 513 2322 celer
537 2280 695 2321 aversis
721 2288 839 2322 utere
864 2279 1049 2321 Parthus
1075 2280 1206 2333 equis.

274 2337 386 2379 mille
412 2337 525 2378 modi
552 2337 743 2380 Veneris.
804 2337 983 2392 simplex
1008 2337 1254 2391 minimique
1279 2337 1448 2386 laboris,

332 2409 429 2436 cum
453 2394 560 2436 iacet
586 2394 629 2435 in
655 2394 848 2436 dextrum
876 2394 1132 2449 semisupina
1156 2395 1279 2435 latus.

275 2451 347 2493 sed
373 2464 510 2505 neque
535 2451 726 2493 Phoebei
752 2451 934 2506 tripodes
960 2466 1038 2493 nec
1063 2451 1255 2507 corniger
1280 2451 1467 2492 Ammon

185 2521 248 2552 790
331 2523 431 2549 vera
456 2508 590 2564 magis
616 2508 756 2558 vobis,
781 2523 910 2562 quam
935 2523 1030 2549 mea
1054 2508 1203 2557 Musa,
1230 2516 1364 2550 canet.

274 2565 395 2618 siqua
418 2564 541 2611 fides,
568 2565 665 2614 arti,
693 2579 820 2619 quam
847 2566 972 2620 longo
998 2565 1175 2607 fecimus
1201 2580 1294 2614 usu,

331 2621 505 2663 credite:
531 2622 806 2677 praestabunt
831 2622 1016 2663 carmina
1041 2629 1182 2663 nostra
1208 2622 1347 2663 fidem.

274 2678 426 2719 sentiat
450 2693 503 2719 ex
526 2678 621 2720 imis
646 2679 858 2721 Venerem
883 2679 1067 2721 resoluta
1092 2679 1286 2720 medullis

330 2733 507 2783 femina,
534 2742 575 2776 et
600 2750 651 2777 ex
677 2750 812 2789 aequo
838 2751 903 2778 res
929 2736 1044 2777 iuvet
1068 2735 1140 2777 illa
1165 2736 1283 2777 duos.

183 2803 247 2834 795
273 2805 351 2833 nec
375 2790 554 2833 blandae
580 2806 704 2834 voces
730 2792 998 2847 iucundaque
1024 2807 1241 2834 murmura
1266 2799 1442 2841 cessent,
