1831 3168
387 205 444 248 52
846 215 889 250 P.
917 215 1063 251 OVIDI
1089 214 1306 252 NASONIS

444 296 623 338 findere:
651 310 756 350 quas
782 296 938 345 habeo,
966 297 1009 338 di
1034 304 1233 339 tueantur
1258 312 1372 353 opes.

386 369 466 396 nec
491 353 615 395 venio
643 353 797 395 Graias
822 353 952 395 veluti
978 362 1190 408 spectator
1215 355 1269 396 ad
1294 355 1439 397 urbes:

445 410 601 466 oppida
626 418 725 452 sunt
749 411 869 466 regni
895 410 1091 452 divitiora
1116 412 1211 453 mei.

319 481 359 510 35
386 474 426 508 te
452 475 564 522 pcto,
589 481 719 521 quam
744 467 907 533 pepigit
930 467 1040 510 lecto
1065 468 1215 510 Venus
1241 484 1370 511 aurea
1393 478 1556 521 nostr03

444 533 484 566 te
509 524 626 579 prius
652 533 722 580 opt
728 525 814 574 avi,
844 539 971 578 quam
996 525 1099 566 mihi
1124 534 1225 567 nota
1249 526 1374 567 fores.

387 588 484 622 ante
510 591 605 622 tuos
632 582 771 622 animo
798 582 903 632 vidi,
930 596 1058 636 quam
1084 583 1264 632 lumine,
1290 584 1448 625 voltus:

442 638 578 693 plima
602 638 683 680 fuit
707 639 848 681 voltus
873 640 1022 681 nuntia
1045 639 1162 681 fama
1187 640 1261 682 tui.

386 695 509 737 clede
535 696 610 738 sed
634 695 716 738 hoc
739 696 881 738 nobis:
908 696 1044 738 minor
1069 705 1132 739 est
1157 705 1230 739 tua
1254 697 1391 753 gloria
1416 713 1528 747 vero,

316 767 359 797 40
442 752 641 818 famaque
667 753 719 796 de
745 753 882 796 forma
905 769 1041 809 paene
1066 754 1254 810 maligna
1279 754 1372 796 fuit.

384 809 480 864 plus
506 810 609 852 hic
598 811 781 861 invenio,
809 825 937 865 quam
964 812 1079 865 quod
1103 790 1353 867 proomiserat
1379 812 1464 862 illa,

442 874 484 908 et
508 875 582 909 tua
605 868 782 910 materia
805 869 941 924 gloria
967 869 1077 910 victa
1103 884 1180 910 sua
1206 877 1280 910 est.

384 938 485 980 ergo
510 924 611 966 arsit
634 902 832 975 merito,2³
832 925 904 979 qui
929 933 1106 967 noverat
1130 925 1291 975 omnia,
1318 925 1526 975 Theseus,

442 989 483 1023 et
507 982 600 1024 visa
625 997 669 1024 es
695 989 812 1023 tanto
839 983 968 1037 digna
992 982 1141 1037 rapina
1167 983 1270 1032 viro,

313 1053 357 1082 45
383 1053 498 1080 more
524 1046 622 1081 tuae
648 1040 787 1095 gentis
812 1039 946 1080 nitida
972 1039 1074 1080 dum
1099 1039 1215 1080 nuda
1239 1039 1452 1094 palaestra

439 1096 550 1138 ludis
576 1103 617 1138 et
642 1112 685 1138 es
711 1096 836 1138 nudis
861 1096 1020 1138 femina
1045 1097 1177 1138 mixta
1202 1096 1316 1138 viris.

383 1153 498 1208 quod
522 1153 682 1209 1apuit,
707 1153 854 1195 laudo·
881 1154 1023 1203 1nir01,
1049 1154 1163 1208 quod
1188 1153 1371 1195 reddidit
1395 1168 1622 1210 umquam:

439 1218 525 1252 tam
550 1210 663 1252 bona
688 1218 929 1253 constanter
952 1211 1112 1266 praeda
1136 1211 1319 1253 tenenda
1343 1210 1442 1253 fuit!

382 1275 478 1309 ante
504 1268 744 1310 recessisset
771 1275 899 1324 caput
924 1268 1004 1310 hoc
1030 1268 1192 1310 cervice
1219 1275 1406 1318 cruenta,

313 1339 356 1369 50
438 1339 568 1378 quam
593 1332 639 1366 tu
665 1325 717 1367 de
742 1325 939 1367 thalamis
966 1325 1258 1367 abstraherere
1283 1325 1401 1367 meis.

381 1389 478 1423 tene
502 1397 653 1424 manus
678 1397 883 1437 umquam
908 1391 1077 1424 nostrae
1104 1382 1312 1424 dimittere
1337 1382 1518 1425 vellent?

439 1446 534 1482 tene
559 1454 654 1481 meo
679 1447 847 1495 paterer
871 1440 993 1481 vivus
1020 1439 1136 1481 abire
1162 1439 1281 1481 sinu?

382 1496 417 1537 si
441 1496 659 1538 reddenda
683 1497 814 1545 fores,
841 1497 1003 1551 aliquid
1027 1504 1169 1539 tamen
1195 1504 1292 1538 ante
1317 1496 1522 1547 tulissem,

436 1567 516 1595 nec
540 1553 690 1595 Venus
717 1569 769 1595 ex
793 1561 880 1594 toto
905 1562 1049 1595 nostra
1073 1553 1224 1595 fuisset
1248 1553 1373 1594 iners.

279 1636 287 1645 ·
311 1625 353 1655 53
380 1610 447 1652 vel
472 1609 576 1658 mihi
601 1610 821 1666 virginitas
847 1618 958 1652 esset
982 1610 1133 1660 libata,
1160 1611 1227 1652 vel
1252 1610 1372 1660 illud,

438 1667 553 1721 quod
583 1675 749 1722 poterat
774 1668 892 1709 salva
917 1668 1159 1723 virginitate
1184 1667 1288 1723 rapi.

380 1724 435 1765 da
459 1724 586 1765 modo
612 1732 666 1766 te.
726 1740 835 1780 quae
862 1725 914 1766 sit
938 1724 1085 1766 Paridi
1111 1724 1368 1774 constantia,
1393 1738 1564 1767 nosces:

436 1781 607 1823 flamma
630 1781 724 1837 rogi
748 1782 941 1824 flammas
965 1782 1084 1824 finiet
1109 1797 1195 1823 una
1220 1797 1350 1824 meas.

378 1838 606 1893 praeposui
630 1839 773 1894 regnis
799 1854 879 1894 ego
904 1846 964 1888 te,
991 1854 1101 1893 quae
1126 1839 1312 1880 maxima
1337 1838 1553 1892 quondam

312 1910 354 1940 60
435 1895 623 1950 pollicita
648 1903 712 1937 est
735 1895 857 1937 nobis
882 1903 1016 1951 nupta
1041 1910 1243 1949 sororque
1267 1896 1397 1944 Iovis,

380 1952 567 2006 dumque
592 1959 665 1994 tuo
690 1967 858 2008 possem
884 1953 1145 1994 circumdare
1172 1952 1370 1994 bracchia
1395 1953 1517 2003 collo,

437 2017 680 2065 contempta
705 2017 769 2051 est
792 2009 945 2059 virtus,
970 2010 1148 2051 Pallade
1175 2010 1301 2051 dante
1326 2009 1442 2050 mihi.

378 2080 457 2108 nec
482 2066 617 2121 piget,
644 2074 719 2108 aut
741 2081 945 2121 umquam
971 2067 1097 2108 stulte
1122 2067 1276 2121 legisse
1302 2066 1496 2108 videbor:

436 2131 656 2178 permanet
680 2124 724 2164 in
748 2131 847 2165 voto
871 2139 990 2165 mens
1015 2139 1111 2165 mea
1135 2124 1257 2165 firma
1282 2138 1372 2164 suo.

310 2196 351 2225 ω
379 2195 497 2235 spem
522 2181 648 2222 modo
674 2196 727 2222 ne
751 2188 941 2222 nostram
964 2181 1056 2222 fieri
1080 2181 1240 2236 patiare
1267 2181 1487 2230 caducam,

436 2237 652 2292 deprecor,
679 2252 702 2279 0
728 2246 846 2280 tanto
872 2238 1002 2294 digna
1025 2238 1170 2280 labore
1196 2237 1300 2293 peti!

378 2309 463 2336 non
489 2309 569 2350 ego
595 2295 840 2351 coniugium
863 2310 1095 2350 generosae
1121 2295 1306 2350 degener
1331 2302 1449 2349 opto:

434 2366 513 2393 nec
539 2367 652 2403 mea,
678 2353 802 2394 crede
826 2353 949 2402 mihi,
975 2352 1153 2408 turpiter
1178 2367 1284 2393 uxor
1310 2352 1404 2393 eris.

376 2408 550 2459 Pliada,
576 2409 611 2451 si
635 2423 833 2464 quaeres,
858 2409 902 2451 in
926 2417 1070 2451 nostra
1095 2417 1222 2465 gente
1248 2409 1483 2464 Iovemque

310 2481 351 2512 70
433 2466 645 2518 invenies,
671 2467 832 2509 medios
857 2475 904 2509 ut
930 2474 1146 2508 taceamus
1173 2481 1288 2507 avos.

376 2531 542 2577 sceptra
566 2539 719 2579 parens
744 2524 896 2574 Asiae,
922 2538 1007 2578 qua
1030 2524 1147 2565 nulla
1171 2523 1334 2566 beatior
1359 2537 1432 2565 ora
1457 2529 1535 2573 est,

432 2580 588 2622 finibus
613 2581 814 2623 inmensis
840 2582 912 2623 vix
936 2581 1134 2623 obeunda
1159 2588 1286 2623 tenet.

375 2636 619 2679 innumeras
645 2638 770 2680 tubes
797 2646 924 2693 atque
949 2653 1079 2680 aurea
1104 2646 1216 2679 tecta
1240 2637 1418 2687 videbis,

433 2707 627 2748 quaeque
654 2710 752 2736 suos
779 2695 894 2737 dicas
919 2695 1078 2751 templa
1104 2695 1252 2737 decere
1279 2695 1393 2736 deos.

309 2764 348 2795 75
374 2750 485 2793 Ilion
511 2751 720 2807 adspicies
745 2752 995 2808 firmataque
1021 2751 1207 2794 turribus
1233 2751 1326 2792 altis
