1831 3168
343 241 618 279 HEROIDUM
641 241 749 277 XIII.
775 240 966 277 156—164.
993 240 1098 276 XIV.
1125 239 1247 275 1--77,

175 338 454 378 securumque
480 324 599 377 quies
626 324 710 364 alta
735 337 809 378 per
833 323 976 377 Argos
1002 330 1110 363 erat:

117 381 274 423 οἰιουῐῐι
300 396 366 422 me
391 381 573 436 gemitus
598 380 851 422 morientum
876 379 1021 421 audire
1046 377 1222 420 videbar
1244 401 1302 408 —

174 446 213 479 et
240 446 380 479 tamen
406 437 624 487 audibam,
650 437 848 491 quodque
874 436 1062 486 verebar,
1089 443 1191 478 erat.

116 494 288 549 sanguis
315 494 419 543 abit,
446 502 714 547 mentemque
741 493 854 535 calor
879 506 1116 548 corpusque
1141 491 1352 547 relinquit,

173 551 299 604 inque
325 566 435 592 novo
460 551 570 592 iacui
595 550 751 605 frigida
775 550 887 591 facta
911 557 1015 591 toro.

114 616 159 648 ut
186 607 268 649 leni
293 608 479 663 zephyro
504 608 682 663 graciles
709 606 927 647 vibrantur
952 606 1118 654 aristae,

173 664 327 718 frigida
351 665 555 720 populeas
581 671 627 704 ut
651 663 787 716 quatit
811 677 913 703 aura
939 677 1094 711 comas,

115 728 187 762 aut
212 721 272 762 sic
297 729 369 762 aut
394 721 519 762 etiam
545 719 697 761 tremui
720 719 868 773 magis.
928 718 1018 772 ipse
1043 718 1226 768 iacebas,

172 791 365 831 quaeque
391 777 466 818 tibi
491 776 688 818 dederam
715 775 831 823 vina,
857 774 1018 829 soporis
1044 783 1175 816 erant.

116 848 336 875 excussere
362 841 520 875 metum
547 831 753 874 violenti
743 846 858 873 iussa
882 831 1087 886 parentis:

172 889 311 946 eligor
335 898 376 931 et
401 890 522 945 capio
547 889 630 931 tela
655 896 859 930 tremente
883 903 1026 929 manu.

116 961 201 988 non
227 961 306 1003 ego
332 946 439 988 falsa
463 947 625 1000 loquar.
686 954 749 987 ter
773 952 945 986 acutum
971 944 1140 986 sustulit
1165 959 1323 993 ensem,

173 1011 236 1044 ter
251 981 370 1045 male
396 1003 561 1045 sublato
588 1002 743 1044 decidit
768 1017 867 1044 ense
893 1017 1056 1043 manus.

116 1060 285 1101 admovi
308 1060 454 1116 iugulo
480 1060 588 1109 (sine
614 1074 680 1101 me
706 1059 781 1100 tibi
807 1073 907 1100 vera
931 1058 1073 1112 fateri)

173 1117 341 1158 admovi
365 1117 511 1172 iugulo
538 1117 620 1158 tela
644 1124 820 1171 paterna
845 1123 938 1156 tuo:

115 1174 190 1215 sed
215 1173 339 1215 timor
364 1181 405 1215 et
411 1153 565 1229 0pietas,
591 1172 832 1214 crudelibus
857 1172 1016 1213 obstitit
1041 1172 1169 1222 ausis,

173 1237 372 1284 castaque
397 1230 645 1271 mandatum
670 1229 818 1271 dextra
842 1228 1000 1284 refugit
1025 1243 1146 1284 opus.

114 1301 349 1342 purpureos
374 1287 530 1328 laniata
553 1286 688 1336 sinus,
713 1287 870 1328 laniata
895 1286 1068 1341 capillos

173 1344 327 1399 exiguo
353 1343 439 1385 dixi
464 1344 565 1385 talia
589 1343 719 1385 verba
744 1358 846 1385 sono

116 1405 305 1450 ‘saevus,
329 1401 656 1456 Hypermestra,
681 1408 801 1456 pater
826 1407 888 1442 est
913 1399 1043 1441 tibiz'
1032 1415 1147 1442 iussa
1171 1400 1355 1456 parentis

152 1466 154 1468 ’
175 1457 314 1499 effice:
340 1458 553 1512 germanis
579 1458 632 1499 sit
657 1472 797 1500 comes
823 1458 900 1499 iste
927 1457 1031 1499 suis!
1056 1481 1115 1486 —-

115 1514 273 1555 femina
297 1529 390 1555 sum
416 1522 457 1556 et
481 1514 616 1570 virgO,
641 1522 793 1556 natura
818 1514 929 1556 mitis
955 1522 995 1556 et
1021 1514 1160 1556 annis:

173 1585 257 1612 non
282 1570 442 1612 faciunt
467 1572 613 1613 molles
640 1572 694 1613 ad
719 1571 792 1613 fei
785 1587 809 1612 a
834 1571 918 1613 tela
942 1586 1105 1612 manus.
1131 1595 1187 1600 —

116 1627 218 1682 quin
244 1642 341 1681 age,
368 1627 554 1682 dumque
577 1628 706 1677 iacet,
732 1628 852 1669 fortis
876 1627 1041 1669 imitare
1067 1642 1249 1670 sorores:

175 1684 373 1725 credibile
398 1692 462 1726 est
486 1697 630 1726 caesos
657 1685 852 1726 omnibus
878 1700 968 1726 esse
994 1685 1118 1725 viros.

116 1741 150 1782 si
176 1756 326 1782 manus
350 1741 455 1782 haec
480 1741 665 1795 aliquam
689 1750 832 1796 posset
857 1741 1117 1783 committere
1143 1741 1330 1791 caedem,

172 1805 304 1838 morte
331 1797 440 1839 foret
465 1798 659 1840 dominae
684 1798 1011 1853 sanguinulenta
1037 1813 1150 1840 suae.
1174 1821 1232 1828 -——

117 1861 159 1895 at
184 1868 374 1896 meruere
398 1868 545 1896 necem
570 1855 777 1909 patruelia
801 1870 934 1909 regna
958 1855 1152 1896 tenendo.
1177 1879 1236 1885 -

172 1924 281 1965 quae
306 1918 448 1953 tamen
473 1911 655 1952 externis
682 1911 822 1952 danda
846 1912 985 1952 forent
1008 1911 1195 1966 generis!
1220 1934 1277 1942 —-

115 1968 228 2023 finge
253 1967 364 2009 viros
389 1968 592 2010 meruisse
617 1968 742 2009 mori:
769 1968 871 2022 quid
895 1967 1074 2010 fecimus
1098 1968 1240 2023 ipsae?

174 2039 258 2078 quo
283 2023 386 2065 mihi
411 2025 633 2066 commisso
658 2039 743 2066 non
767 2025 865 2067 licet
890 2040 981 2067 esse
1006 2024 1125 2079 piae?
1148 2048 1206 2055 —-

115 2081 217 2135 quid
241 2080 344 2122 mihi
369 2096 466 2124 eum
490 2081 628 2123 ferro?
664 2082 767 2136 quid
792 2082 942 2124 bellica
966 2082 1056 2123 tela·
1074 2082 1266 2137 puellae?

173 2138 309 2193 aptior
334 2145 397 2180 est
422 2138 564 2194 digitis
588 2139 686 2180 lana
711 2139 913 2193 colusque
938 2138 1071 2180 meis.’

1429 237 1485 278 49

1509 675 1554 706 40

1509 959 1552 988 45

1510 1245 1554 1276 50

1510 1529 1553 1560 55

1508 1812 1552 1844 60

1511 2097 1552 2128 65

115 2194 220 2236 haec
245 2209 338 2250 ego.
387 2195 573 2250 dumque
599 2210 765 2250 queror,
790 2196 989 2238 lacrimae
1014 2210 1092 2237 sua
1116 2195 1246 2237 verba
1271 2204 1506 2250 sequuntur

174 2251 310 2305 deque
334 2252 438 2293 meis
464 2252 595 2293 oculis
620 2253 664 2294 in
689 2260 762 2294 tua
785 2252 977 2295 membra
1002 2252 1170 2293 cadunt.

117 2307 218 2348 dum
241 2308 349 2362 petis
375 2309 594 2363 amplexus
621 2309 840 2364 sopitaque
864 2309 1063 2351 bracchia
1086 2309 1231 2359 iactas,

172 2379 306 2419 paene
332 2380 482 2406 manus
507 2366 590 2407 telo
617 2366 760 2407 saucia
785 2366 898 2407 facta
921 2374 995 2407 tua
1021 2372 1095 2413 est.

115 2420 284 2473 iamque
310 2428 471 2475 patrem
496 2421 761 2476 famulosque
786 2422 916 2477 patris
940 2422 1163 2476 lucemque
1189 2422 1402 2465 timebam.

174 2477 426 2532 expulerunt
451 2492 619 2519 somnos
643 2478 749 2520 haec
772 2493 868 2520 mea
893 2479 1005 2520 dicta
1029 2486 1123 2520 tuos

117 2537 263 2588 ‘surge
289 2548 388 2589 age,
413 2534 582 2584 Belide,
608 2534 660 2576 de
685 2541 746 2576 tot
770 2535 895 2576 modo
920 2535 1121 2576 fratribus
1147 2535 1276 2578 unus!

172 2604 258 2631 nox
283 2590 378 2639 tibi,
403 2590 446 2632 ni
472 2605 690 2647 properas,
715 2591 795 2632 ista
818 2593 1014 2647 perennis
1040 2591 1145 2634 erit.'

116 2647 283 2688 territus
311 2648 520 2702 exsurgis,
547 2648 658 2703 fugit
682 2647 817 2689 omnis
842 2648 992 2691 inertia
1017 2649 1167 2700 somni,

174 2703 326 2758 aspicis
351 2704 394 2745 in
419 2704 565 2746 timida
589 2705 713 2746 fortia
737 2705 821 2747 tela
843 2721 986 2747 manu.

115 2760 334 2816 quaerenti
359 2775 530 2804 causam
556 2762 676 2804 ‘dum
700 2776 784 2804 nox
811 2762 926 2814 sinit,
953 2762 1114 2819 effuge’
1141 2762 1248 2805 dixi:

187 2826 264 2857 Ovidi
276 2827 323 2856 rol.
337 2828 361 2856 Ι.
1233 2830 1257 2867 4

1511 2381 1552 2412 70

1508 2662 1548 2693 75
