1831 3168
344 215 399 258 96
804 226 846 261 Ρ.
875 226 1019 262 0V1D1
1045 226 1263 263 NASONIS

343 308 528 350 Tithono
555 308 705 350 vellem
733 308 784 350 de
812 317 851 350 te
877 324 1047 351 narrare
1073 309 1236 351 liceret:

400 365 559 407 femina
583 379 668 406 non
695 366 811 406 caclo
837 365 999 421 turpior
1023 366 1110 407 ulla
1134 366 1256 408 soret.

275 436 316 465 35
342 422 460 463 illum
487 422 588 462 dum
614 422 795 476 refugis,
822 423 949 477 longo
975 423 1075 476 quia
1098 423 1298 478 grandior
1323 439 1440 475 aeVO,

401 479 538 533 surgis
565 478 619 520 ad
643 479 800 520 invisas
827 494 852 520 a
877 494 976 521 sene
1002 495 1125 521 mane
1151 490 1277 521 rotas.

343 543 385 576 at
411 535 464 585 si,
491 549 618 589 quem
643 536 800 586 mavis,
829 534 1070 591 Cephalum
1096 537 1318 592 complexa
1341 545 1520 586 teneres,

400 592 605 634 clamares
631 593 762 635 ‘lente
789 593 961 641 currite,
987 593 1122 635 noctis
1149 593 1285 648 equil'

342 664 417 690 cur
442 663 522 704 ego
547 650 709 704 plectar
734 665 898 699 amans,
926 650 960 691 si
986 650 1050 691 vir
1074 650 1149 691 tibi
1174 659 1332 694 marcet
1358 652 1411 693 ab
1438 651 1584 692 annis?

273 720 317 751 40
398 721 502 747 num
527 722 594 749 ine
620 707 799 762 nupsisti
827 707 1076 749 conciliante
1104 708 1219 749 seni?

343 763 504 818 aspice,
530 772 634 817 quot
659 778 828 805 somnos
855 763 998 805 iuveni
1024 765 1187 805 donarit
1214 773 1354 806 amato

399 820 546 861 Luna:
573 835 713 875 neque
742 821 854 862 illius
880 821 1016 862 fornia
1041 821 1227 863 secunda
1252 830 1363 864 tuae.

340 876 431 932 ipse
457 877 584 919 deum
609 878 786 932 genitor,
813 893 865 919 ne
892 887 930 919 te
956 888 1041 919 tani
1069 893 1195 932 saepe
1223 879 1397 928 videret,

399 935 605 975 commisit
632 944 774 976 noctes
801 935 843 975 in
869 950 946 975 sua
971 943 1069 976 vota
1095 935 1227 976 duas.'

271 1003 316 1033 45
341 990 479 1046 iurgia
503 991 707 1033 finieram.
770 992 897 1033 scires
924 992 1110 1033 audisse:
1138 991 1331 1033 rubebat.

398 1062 476 1090 nec
501 1056 643 1090 tamen
670 1049 846 1090 adsueto
873 1049 1034 1089 tardius
1062 1056 1153 1090 orta
1180 1049 1282 1090 dies.

969 1150 1097 1193 XIV.

339 1218 551 1261 Dicebam
578 1219 808 1261 ‘medicare
834 1227 928 1260 tuos
956 1219 1108 1261 desiste
1136 1219 1353 1273 capillosl'

397 1276 560 1332 tingere
586 1291 714 1331 quam
739 1277 894 1332 possis,
919 1277 1002 1317 iam
1028 1276 1104 1317 tibi
1128 1277 1245 1317 nulla
1271 1291 1392 1318 coma
1418 1285 1493 1319 est.

341 1339 383 1373 at
408 1333 443 1374 si
468 1348 594 1388 passa
616 1332 751 1383 fores,
777 1358 834 1363 —
858 1334 959 1387 quid
986 1341 1075 1374 erat
1101 1333 1326 1388 spatiosius
1352 1334 1459 1376 illis?
1482 1359 1541 1367 ——·

399 1389 664 1445 contigerant
689 1390 841 1440 imum,
868 1405 953 1444 qua
979 1398 1096 1445 patet
1121 1405 1275 1444 usque,
1301 1391 1425 1433 latus.

294 1459 313 1489 5
340 1447 462 1500 quid,
489 1447 604 1501 quod
630 1454 750 1489 erant
774 1456 943 1496 tenues,
969 1455 1010 1488 et
1035 1461 1141 1500 quos
1167 1461 1316 1489 ornare
1341 1448 1525 1498 timeres,

396 1504 491 1546 vela
516 1504 688 1545 colorati
713 1504 855 1557 qualia
881 1502 1007 1546 Seres
1032 1503 1203 1552 habent,

339 1560 406 1602 vel
432 1560 541 1616 pede
566 1561 682 1615 quod
705 1561 852 1616 gracili
879 1560 1049 1602 deducit
1075 1575 1230 1602 aranea
1254 1561 1387 1611 filum,

398 1631 495 1659 cum
518 1618 613 1660 leve
639 1618 806 1659 deserta
831 1618 910 1659 sub
936 1617 1055 1659 trabe
1080 1617 1212 1659 nectit
1236 1632 1355 1673 opus.

339 1689 417 1716 nec
442 1681 586 1717 tamen
611 1681 701 1716 ater
726 1683 833 1724 erat,
859 1690 938 1717 nec
964 1682 1053 1716 erat
1079 1681 1221 1716 tamen
1247 1690 1400 1717 aureus
1425 1676 1508 1725 ille,

273 1745 314 1775 10
397 1732 491 1781 sed,
518 1732 713 1786 quamvis
738 1741 905 1779 neuter,
932 1731 1088 1772 mixtus
1114 1739 1293 1785 uterque
1320 1733 1453 1774 color:

339 1789 508 1842 qualem
534 1789 718 1830 clivosae
743 1789 922 1829 madidis
947 1788 990 1829 in
1016 1788 1196 1830 vallibus
1224 1789 1326 1832 Idae

398 1845 531 1886 ardua
557 1845 730 1901 derepto
756 1846 909 1887 cortice
936 1846 1086 1887 cedrus
1112 1845 1253 1887 habet.

339 1902 447 1943 adde
474 1902 588 1955 quod
613 1910 653 1944 et
679 1902 836 1944 dociles
862 1911 904 1944 et
929 1912 1098 1943 centum
1123 1902 1303 1943 flexibus
1329 1902 1417 1957 apti

396 1966 437 1999 et
461 1958 537 1999 tibi
562 1958 719 1999 nullius
746 1974 874 2000 eausa
900 1959 1054 2000 doloris
1083 1966 1214 1999 erant.

272 2028 311 2058 15
337 2029 422 2056 non
447 2030 548 2057 acus
574 2015 762 2070 abrupit,
788 2030 873 2056 non
899 2015 1057 2056 vallum
1082 2015 1258 2069 pectinis
1284 2015 1391 2056 illos.

395 2072 581 2113 ornatrix
606 2080 697 2113 tuto
724 2086 899 2127 corpore
926 2087 1092 2126 semper
1116 2080 1218 2114 erat.

338 2136 435 2170 ante
461 2143 577 2170 meos
603 2144 730 2184 saepe
756 2138 818 2171 est
844 2129 987 2171 oculos
1013 2136 1180 2178 ornata,
1204 2143 1283 2170 nec
1308 2142 1512 2183 umquam

396 2185 594 2227 bracchia
620 2186 793 2241 derepta
819 2186 963 2227 saucia
987 2185 1087 2227 fecit
1113 2200 1206 2227 acu.

338 2257 463 2298 saepe
490 2243 636 2292 etiam,
661 2243 851 2284 nondum
876 2243 1050 2298 digestis
1075 2258 1199 2284 mane
1227 2242 1401 2297 capillis,

270 2313 312 2343 20
395 2314 609 2355 purpureo
634 2300 763 2342 iacuit
788 2299 1046 2355 semisupina
1071 2307 1175 2341 toro.

336 2364 427 2398 tum
451 2371 622 2411 quoque
647 2365 736 2399 erat
760 2357 949 2399 neclecta
973 2357 1145 2405 decens,
1171 2363 1217 2397 ut
1243 2356 1426 2398 Threcia
1449 2356 1635 2408 Bacche,

395 2428 491 2455 cum
518 2421 675 2456 temere
700 2414 744 2456 in
769 2414 892 2455 viridi
917 2414 1108 2469 gramine
1133 2414 1245 2455 lassa
1270 2413 1390 2455 iacet.

337 2485 434 2511 cum
458 2471 638 2525 graciles
663 2480 803 2513 essent
827 2479 968 2513 tamen
994 2480 1034 2512 et
1058 2470 1272 2525 lanuginis
1297 2471 1441 2521 instar,

394 2527 497 2577 heu,
523 2529 632 2570 male
659 2536 836 2570 vexatae
861 2536 1019 2582 quanta
1044 2528 1177 2569 tulere
1204 2527 1367 2569 comae!

269 2596 310 2626 25
337 2597 464 2637 quam
491 2600 534 2626 se
559 2585 847 2640 praebuerunt
870 2586 982 2626 ferro
1007 2585 1215 2639 patienter
1239 2592 1279 2625 et
1304 2584 1406 2640 igni,

394 2648 441 2681 ut
465 2641 583 2683 fieret
608 2650 716 2683 torto
741 2642 890 2684 nexilis
917 2642 1017 2683 orbe
1044 2641 1180 2683 sinus!

338 2697 574 2739 clamabam
601 2699 757 2740 ‘scelus
784 2707 847 2740 est
871 2699 993 2748 istos,
1021 2698 1156 2740 scelus
1182 2712 1303 2739 urere
1328 2697 1479 2738 crines.

393 2762 542 2809 sponte
568 2755 735 2796 decent:
764 2755 908 2811 capiti,
935 2756 1091 2805 ferrea,
1118 2769 1244 2810 parce
1269 2753 1359 2795 tuo!
