1831 3168
390 199 442 241 72
844 208 887 243 Ρ.
916 208 1061 244 OVIDI
1087 207 1302 244 NASONlS

444 307 468 332 a
494 290 569 332 tibi
595 297 791 345 suspecto
817 289 934 332 ducit
958 289 1087 332 Ulixe
1113 306 1261 346 genus.

386 349 440 389 da
465 348 652 395 veniam,
679 362 884 402 servaque
911 348 1028 388 duos.
1089 357 1205 389 natat
1231 348 1318 389 ille:
1345 348 1418 390 sed
1444 348 1577 391 isdem

298 419 359 449 150
442 419 594 459 corpus
621 404 828 454 Leandri,
855 419 950 460 spes
976 419 1070 446 mea
1095 405 1251 459 pendet
1276 405 1409 459 aquis,

386 461 562 503 sternuit
587 468 629 502 01
653 461 796 503 lumen
821 485 878 490 —
902 461 1037 516 posito
1062 477 1160 502 nam
1187 462 1408 503 scribimus
1435 462 1506 504 illo
1531 486 1589 492 —-

442 518 619 559 sternuit
645 526 684 559 et
710 518 831 559 nobis
857 533 1059 573 prospera
1084 519 1205 573 signa
1231 519 1357 561 dedit.

386 589 483 617 0000
508 590 673 616 1110111111
698 575 840 616 nutrix
866 576 1027 616 faustos
1052 575 1258 616 instillat
1248 592 1290 617 m
1316 575 1448 631 ignes,

443 636 518 673 ‘··01
511 647 556 673 ts
566 632 661 686 ’que
689 632 865 673 ‘erimus
890 632 1050 687 plures’
1077 633 1212 687 inquit
1237 641 1275 675 et
1302 632 1394 688 ipsa
1419 633 1538 675 bibit.

298 703 358 732 155
386 689 506 731 effice
532 703 608 730 nos
634 688 795 744 plures,
822 689 959 730 evicta
983 704 1059 744 per
1083 704 1266 743 aequora
1291 690 1447 745 lapsus,

441 761 465 787 o
491 746 658 801 penitus
684 753 770 787 toto
797 746 922 788 corde
948 754 1113 802 recepte
1139 747 1260 788 mihi!

384 803 427 845 in
452 811 525 844 tua
551 810 688 844 castra
711 803 821 853 redi,
848 803 948 845 socii
975 803 1163 845 desertor
1188 804 1353 845 amoris.

372 895 383 903 .
441 867 656 916 ponuntur
679 860 818 902 medio
845 874 919 901 cur
944 875 1038 901 mea
1063 861 1252 902 membra
1277 862 1392 901 toro?

385 917 498 972 quod
525 917 691 966 timeas,
717 931 802 958 non
829 924 904 958 est.
965 931 1066 958 auso
1092 917 1239 959 Venus
1264 918 1355 972 ipsa
1381 917 1541 959 favebit

297 987 360 1018 100
443 981 599 1015 sternet
625 981 663 1015 et
691 989 922 1028 aequoreas
950 988 1131 1027 aequore
1157 981 1256 1014 nata
1281 974 1384 1014 vias.

385 1031 444 1073 ire
469 1031 571 1073 libet
597 1030 757 1072 medias
783 1031 862 1085 ipsi
888 1031 988 1072 mihi
1015 1045 1140 1085 saepe
1165 1045 1240 1085 per
1264 1030 1417 1071 undas:

444 1088 518 1129 sed
543 1088 648 1129 00101
672 1087 751 1129 hoc
777 1087 963 1128 maribus
991 1088 1120 1128 tutius
1147 1102 1236 1128 0000
1262 1087 1431 1129 fretum.

386 1161 484 1186 nam
511 1160 585 1186 0111·
610 1144 689 1186 hac
714 1144 843 1186 vectis
869 1144 1030 1185 Phrixo
1055 1143 1290 1198 Phrixique
1317 1159 1458 1186 sorore

443 1202 532 1243 sola
557 1202 673 1243 dedit
697 1201 826 1243 vastis
853 1201 1011 1243 femina
1035 1216 1189 1243 nomen
1214 1201 1360 1255 aquis?

298 1273 360 1304 165
387 1258 562 1300 forsitan
588 1258 643 1299 ad
667 1259 849 1300 reditum
873 1266 1036 1300 metuas
1062 1274 1114 1299 ne
1140 1266 1330 1313 tempora
1355 1257 1508 1303 desint,

443 1323 515 1357 aut
539 1315 697 1372 gemini
722 1330 908 1370 nequeas
934 1315 1043 1357 ferre
1067 1315 1222 1356 laboris
1248 1315 1379 1356 onus?

388 1380 430 1414 at
454 1387 529 1414 nos
557 1372 712 1414 diversi
737 1372 925 1415 medium
950 1387 1148 1414 coeamus
1173 1372 1215 1413 in
1241 1386 1400 1426 aequor

444 1430 655 1484 obviaque
680 1429 724 1470 in
750 1429 924 1470 summis
951 1429 1096 1470 oscula
1121 1429 1270 1471 demus
1296 1429 1416 1482 aquis

387 1494 513 1541 atque
538 1486 595 1527 ita
621 1487 799 1540 quisque
825 1501 922 1527 suas
947 1486 1100 1528 iterum
1124 1486 1347 1527 redeamus
1374 1485 1428 1526 ad
1452 1485 1598 1526 urbes:

298 1558 361 1588 170
444 1544 664 1599 exiguum,
692 1543 766 1585 sed
791 1543 886 1597 plus
913 1557 1039 1597 quam
1065 1543 1168 1583 nihil
1194 1543 1298 1583 illud
1323 1542 1412 1583 erit.

387 1600 453 1642 vel
480 1600 617 1656 pudor
640 1599 710 1641 hic
734 1600 916 1650 utinam,
943 1600 1015 1653 qui
1039 1614 1116 1641 nos
1143 1600 1251 1641 clam
1277 1599 1389 1654 cogit
1414 1613 1570 1647 amare,

445 1658 512 1699 vel
537 1657 709 1698 timidus
735 1656 874 1699 famae
901 1657 1050 1699 cedere
1076 1657 1202 1698 vellet
1226 1656 1360 1697 amor!

387 1730 499 1756 nunc
524 1715 634 1756 male
660 1729 725 1756 res
750 1714 941 1763 iunctae,
969 1714 1082 1756 calor
1107 1721 1148 1755 et
1172 1713 1424 1761 reverentia,
1450 1719 1662 1768 pugnant.

445 1771 546 1826 quid
572 1786 743 1837 sequar,
768 1771 810 1812 in
837 1771 965 1812 dubio
992 1778 1073 1812 001.
1100 1770 1204 1812 haec
1230 1771 1369 1819 decet,
1394 1745 1463 1812 ille
1488 1770 1618 1810 iuvat.

300 1842 338 1871 17
345 1842 362 1871 5
388 1836 432 1869 111
459 1829 588 1870 semel
614 1828 785 1869 intravit
813 1827 998 1869 Colchos
1023 1828 1244 1882 Pagaseus
1270 1828 1411 1877 Iason,

446 1885 688 1940 impositam
713 1885 838 1926 celeri
862 1885 1050 1926 Phasida
1075 1899 1216 1939 puppe
1241 1884 1355 1925 tulit:

389 1949 436 1983 ut
462 1943 590 1983 semel
615 1942 770 1982 Idaeus
795 1941 1123 1982 Lacedaemona
1148 1941 1262 1982 venit
1287 1941 1463 1989 adulter,

447 2013 543 2040 cum
569 1998 728 2054 praeda
751 1998 876 2040 rediit
900 1998 1091 2053 protinus
1116 1998 1185 2039 ille
1212 2013 1300 2038 sua.

390 2063 434 2097 111
460 2070 588 2109 quam
615 2070 740 2110 saepe
766 2055 873 2110 petis
900 2055 1013 2109 quod
1039 2070 1175 2103 amas,
1201 2062 1287 2094 tam
1315 2069 1440 2109 saepe
1466 2053 1685 2108 relinquis,

301 2127 364 2156 180
448 2120 489 2154 et
514 2112 759 2167 quotienso
735 2127 863 2153 o‘rave
890 2111 936 2153 fit
960 2111 1212 2166 puppibus
1202 2126 1281 2161 110,
1307 2119 1441 2152 natas.

390 2170 449 2211 sic
475 2177 635 2217 tamen,
662 2183 686 2209 o
712 2168 897 2218 iuvenis,
923 2168 1180 2209 tumidarum
1206 2168 1340 2209 victor
1365 2182 1585 2223 aquarum,

447 2226 507 2268 sic
532 2226 659 2267 facito
686 2240 878 2281 spernas,
903 2233 951 2267 ut
975 2240 1166 2275 vereare,
1192 2225 1361 2267 fretum.

390 2291 477 2324 arte
502 2283 717 2324 laboratae
742 2290 993 2338 merguntur
1016 2282 1070 2323 ab
1096 2296 1278 2336 aequore
1303 2297 1452 2324 naves:

447 2348 491 2381 tu
518 2347 591 2381 tua
615 2340 710 2405 plus
735 2340 860 2382 remis
886 2339 1084 2380 bracchia
1108 2353 1231 2394 posse
1257 2339 1406 2394 putas?

303 2411 363 2442 185
391 2397 505 2452 quod
531 2397 669 2452 cupis,
695 2397 775 2438 hoc
799 2403 954 2438 nautae
979 2403 1190 2445 metuunt,
1217 2395 1433 2445 Leaiidre,
1459 2403 1625 2437 natare:

448 2453 584 2495 exitus
610 2454 678 2495 hic
703 2454 847 2495 fractis
873 2453 1088 2509 puppibus
1114 2468 1205 2495 esse
1231 2453 1350 2495 solet.

390 2526 456 2552 me
481 2510 697 2553 miseram!
736 2510 860 2566 cupio
885 2525 970 2551 non
994 2510 1249 2565 persuadere
1275 2510 1390 2576 quod
1415 2509 1571 2559 hor·t01‚

448 2567 608 2621 sisque,
634 2582 794 2623 precor,
820 2567 988 2609 monitis
1014 2567 1196 2608 fortior
1185 2582 1275 2622 lpse
1301 2567 1424 2609 111οἰ0·

391 2624 621 2665 dummodo
646 2624 867 2679 pervenias
893 2639 1156 2679 excussaque
1182 2639 1307 2690 saepe
1332 2639 1408 2679 per
1432 2623 1569 2665 11111110

304 2695 367 2725 190
448 2680 594 2721 inicias
620 2682 776 2723 umeris
801 2682 999 2723 bracchia
1023 2682 1135 2723 lassa
1160 2681 1277 2722 meis.

394 2737 465 2779 sed
491 2737 612 2788 mihi,
639 2739 853 2781 caeruleas
878 2738 1071 2795 quotiens
1098 2738 1294 2781 obvertor
1319 2738 1373 2779 ad
1398 2737 1548 2788 undas,
