1831 3168
270 249 353 292 182
724 257 767 291 P.
796 257 940 293 OVIDI
966 257 1183 293 NASONIS

326 340 440 382 nuda
463 340 611 382 Venus
638 338 828 380 madidas
854 338 1047 394 exprimit
1075 339 1207 381 imbre
1233 354 1387 382 comas.

179 412 243 442 ‘225
270 407 314 440 tu
340 411 507 452 quoquc
534 396 634 437 dum
661 396 828 445 coleris,
854 411 929 436 nos
955 404 995 437 te
1021 396 1202 438 dormire
1228 406 1444 452 putemus:

326 454 465 509 aptius
492 469 516 494 a
541 468 707 494 summa
733 453 989 508 conspiciere
1016 468 1157 494 manu.

271 526 345 552 cur
369 510 471 551 mihi
496 518 596 551 nota
620 517 693 550 tuo
720 523 848 550 causa
874 517 936 551 est
961 510 1154 551 candoris
1179 509 1221 551 in
1247 511 1343 552 ore?

326 567 474 608 claude
499 566 632 607 forem
660 566 851 607 thalami!
890 566 992 620 quid
1018 567 1122 608 rude
1148 567 1263 621 cogis
1289 568 1419 622 opus?

267 624 402 665 multa
426 624 538 665 viros
564 623 724 665 nescire
750 623 882 664 decet.
944 639 1041 679 pars
1067 624 1252 665 maxima
1276 639 1416 665 rerum

177 696 242 727 -230
324 681 530 729 offendat,
557 680 592 721 si
616 694 698 720 non
725 680 922 722 interiora
947 690 1079 736 tegas.

269 754 395 779 aurea
421 752 530 792 quae
556 737 741 793 pendent
767 746 914 779 ornato
941 738 1062 793 signa
1087 737 1263 786 theatro,

325 796 502 850 inspice,
528 809 654 848 quam
682 794 819 835 tenuis
845 794 1016 836 bractea
1040 795 1156 849 ligna
1180 802 1308 849 tegat.

269 853 342 893 scd
367 866 504 906 neque
530 852 584 892 ad
609 851 680 892 illa
705 851 803 893 licet
827 852 1003 906 populo,
1029 852 1109 893 nisi
1134 851 1268 900 facta,
1294 851 1450 901 venire,

325 924 403 950 nec
427 909 506 950 nisi
532 909 752 950 summotis
778 909 913 949 forma
938 909 1127 963 paranda
1151 908 1263 949 viris.

179 980 242 1011 235
270 974 309 1007 at
337 981 420 1006 non
446 966 673 1021 pectendos
700 980 839 1007 coram
867 966 1069 1020 praebere
1096 965 1282 1021 capillos,

326 1030 373 1064 ut
396 1023 561 1064 iaceant
585 1023 667 1063 fusi
694 1038 768 1077 per
793 1031 865 1063 tua
891 1032 1027 1078 terga,
1053 1030 1162 1064 veto.

269 1080 339 1121 illo
364 1080 608 1135 praecipue,
634 1095 686 1121 ne
713 1080 767 1120 sis
792 1094 977 1129 morosa,
1004 1088 1151 1121 caveto

327 1144 534 1192 tempore,
561 1152 637 1177 nec
664 1137 803 1191 lapsas
829 1152 953 1191 saepe
979 1137 1141 1178 resolve
1168 1150 1323 1177 comas.

269 1201 361 1235 tuta
386 1194 438 1234 sit
463 1194 660 1234 ornatrix.
723 1193 811 1241 odi,
837 1207 945 1246 quae
972 1193 1134 1234 sauciat
1158 1207 1231 1234 ora

180 1264 245 1296 240
327 1251 562 1306 unguibus,
589 1258 630 1291 ct
655 1258 776 1305 rapta
800 1249 999 1291 bracchia
1024 1250 1112 1305 figit
1140 1265 1231 1291 acu.

271 1307 469 1357 devovet,
494 1315 541 1348 ut
566 1307 702 1362 tangit
727 1307 921 1348 dominae
947 1315 1091 1362 caput,
1118 1307 1189 1347 illa
1215 1306 1425 1360 simulque

326 1365 464 1419 plorat
489 1372 531 1405 et
554 1364 711 1404 invisas
738 1364 1064 1418 sanguinulenta
1089 1378 1243 1404 comas.

270 1435 378 1475 quae
404 1421 513 1462 male
539 1420 687 1461 crinita
713 1428 793 1468 est,
820 1420 1037 1461 custodem
1062 1421 1105 1461 in
1130 1420 1272 1461 limine
1297 1427 1427 1475 ponat

328 1485 551 1520 Orneturve
576 1477 724 1518 Bonae
751 1492 916 1532 semper
940 1477 982 1517 in
1009 1477 1112 1518 aede
1139 1477 1255 1518 deae.

182 1548 246 1579 245
273 1536 409 1577 dictus
435 1550 550 1576 eram
576 1534 715 1575 subito
742 1534 911 1575 cuidam
938 1534 1101 1575 venisse
1126 1534 1310 1589 puellae:

327 1592 496 1634 turbida
519 1606 739 1646 perversas
764 1590 901 1631 induit
924 1591 996 1632 illa
1021 1605 1176 1632 comas.

272 1649 465 1691 hostibus
491 1648 659 1690 eveniat
682 1656 769 1689 tam
795 1647 909 1689 foedi
935 1662 1062 1689 causa
1087 1647 1272 1703 pudoris,

328 1707 456 1760 inque
481 1721 612 1747 nurus
637 1704 820 1746 Parthas
846 1705 1028 1747 dedecus
1054 1704 1158 1746 illud
1183 1712 1262 1746 eat.

270 1772 392 1819 turpe
419 1778 547 1818 pecus
572 1762 788 1812 mutilum,
815 1762 948 1817 turpis
975 1762 1062 1804 sine
1088 1761 1279 1817 gramine
1305 1775 1479 1816 campus

180 1835 246 1866 250
329 1831 370 1862 et
395 1821 483 1861 sine
508 1820 657 1861 fronde
683 1819 822 1860 frutex
848 1828 889 1860 et
914 1819 1004 1861 sine
1030 1819 1142 1861 crine
1168 1825 1307 1874 caput.
1332 1842 1390 1847 -

270 1893 354 1920 non
382 1877 483 1918 mihi
509 1877 701 1926 venistis,
729 1875 896 1917 Semele
922 1875 1115 1925 Ledeve,
1141 1875 1370 1923 docendae,

330 1949 488 1990 perque
514 1934 667 1975 fretum
693 1933 800 1973 falso
829 1931 977 1974 Sidoni
1003 1941 1124 1974 vecta
1149 1933 1270 1981 bove,

272 2000 346 2033 aut
371 1991 556 2039 Helene,
583 2004 711 2043 quam
736 2004 819 2030 non
846 1990 990 2038 stulte,
1015 1989 1232 2038 Menelae,
1258 1988 1456 2043 reposciS‚

329 2056 375 2089 tu
401 2061 569 2101 quoque
595 2061 679 2087 non
705 2046 850 2094 stulte,
877 2046 1028 2087 Troice
1054 2053 1210 2100 raptor,
1237 2045 1379 2086 habes.

183 2119 247 2150 255
273 2105 398 2146 turba
423 2103 614 2145 docenda
638 2103 772 2151 venit,
798 2102 999 2158 pulchrae
1026 2110 1253 2157 turpesque
1278 2103 1462 2157 puellae:

329 2162 536 2216 pluraque
562 2168 659 2201 sunt
684 2174 850 2214 semper
874 2159 1080 2201 deteriora
1106 2159 1239 2200 bonis.

273 2218 484 2260 formosae
509 2232 592 2258 non
619 2217 717 2258 artis
743 2231 867 2271 opem
891 2224 1201 2272 praeceptaque
1227 2222 1453 2270 quaerunt:

333 2284 396 2318 est
419 2275 500 2316 illis
526 2290 602 2315 sua
628 2274 721 2323 dos,
748 2274 885 2314 forma
910 2274 998 2315 sine
1024 2280 1111 2315 arte
1136 2280 1299 2329 potens.

275 2348 371 2375 cum
396 2347 511 2373 mare
537 2330 816 2386 compositum
842 2338 921 2379 est,
947 2345 1119 2371 securus
1145 2329 1287 2371 navita
1313 2336 1467 2370 cessat:

185 2404 250 2435 260
333 2405 430 2431 cum
456 2396 608 2437 tumet,
635 2387 800 2429 auxiliis
826 2387 989 2428 adsidet
1014 2387 1083 2428 ille
1109 2387 1210 2428 suis.

274 2462 369 2488 rara
394 2454 535 2487 tamen
560 2444 714 2486 mendo
739 2444 870 2486 facies
895 2452 1021 2486 caret.
1083 2444 1227 2485 occule
1252 2442 1438 2491 mendas,

333 2517 502 2557 quaque
527 2510 665 2557 potes,
691 2501 841 2542 vitium
867 2501 1053 2556 corporis
1080 2500 1187 2542 abde
1213 2500 1286 2541 tui.

277 2560 310 2601 si
338 2560 476 2601 brevis
501 2575 565 2607 eS‚
591 2559 759 2608 sedeas,
785 2573 838 2599 ne
863 2566 978 2599 stans
1004 2558 1174 2599 videare
1199 2557 1357 2605 sedere,

334 2617 461 2670 inque
486 2624 558 2657 tuo
584 2616 723 2657 iaceas
749 2616 1135 2669 quantulacumque
1162 2622 1265 2655 toro.

187 2687 252 2717 265
278 2672 346 2714 hic
371 2687 558 2726 quoque,
584 2688 636 2713 ne
662 2673 794 2727 possit
818 2672 909 2713 fieri
934 2687 1130 2713 mensura
1157 2670 1362 2718 cubantis,

335 2730 485 2770 iniecta
512 2730 669 2770 lateant
692 2729 761 2769 fac
786 2729 860 2769 tibi
886 2737 1001 2770 veste
1027 2728 1169 2783 pedes.

279 2800 388 2841 quae
412 2785 588 2827 nimium
612 2785 800 2840 gracilis,
826 2786 951 2840 pleno
977 2785 1183 2828 velamina
1207 2784 1277 2825 filo
