1831 3168
262 243 348 286 200
720 251 762 286 Ρ.
791 251 936 287 OVIDI
961 249 1179 287 NASONIS

320 335 379 376 sic
404 333 516 376 venit
542 332 610 375 ille
636 347 753 388 puer,
780 333 839 374 sic
864 347 970 388 puer
993 333 1063 374 illc
1088 339 1243 374 manet.

264 407 362 433 rura
386 405 554 445 quoque
580 389 793 432 oblectant
818 390 980 431 animos
1005 389 1276 443 studiumque
1303 388 1486 432 colendi:

174 463 238 493 170
320 447 533 502 quaelibet
558 446 657 488 huic
681 461 807 488 curae
833 446 981 488 cedere
1007 460 1108 488 eura
1131 452 1281 501 potest.

263 505 370 547 colla
394 504 493 546 iube
519 504 699 545 domitos
724 504 841 546 oncri
866 503 1103 558 subponere
1130 511 1286 553 tauros,

319 561 478 603 sauciet
503 568 547 602 ut
573 560 721 602 duram
748 574 893 602 vomer
918 560 1108 602 aduncus
1133 559 1328 601 humum:

262 619 392 660 obrue
417 626 584 659 versata
611 616 794 660 Cerialia
818 617 980 659 semina
1004 625 1127 665 terra,

319 689 427 729 quae
453 675 527 716 tibi
554 689 650 716 eum
676 675 807 716 multo
833 674 1005 716 faenore
1030 673 1178 715 reddat
1205 688 1318 728 ager.

174 746 235 777 175
261 733 403 788 aspice
458 739 653 773 cuivatos
679 746 902 797 pomorum
927 730 1112 786 pondere
1137 745 1290 779 ramos,

318 797 365 830 ut
391 804 486 838 sua,
513 789 627 842 quod
653 788 834 844 peperit,
860 788 931 829 vix
955 787 1065 829 ferat
1089 787 1213 828 arbor
1238 802 1358 830 onus.

258 845 399 901 aspice
452 845 644 888 labentes
669 845 855 887 iucundo
880 859 1095 887 murmure
1120 844 1182 885 riv
1186 858 1250 886 os:

321 904 462 960 aspice
515 902 736 945 tondentes
762 902 898 944 fertile
922 916 1098 958 gramen
1123 915 1236 943 oves.

263 974 360 1002 ecce
385 967 535 1015 petunt
559 975 684 1015 rupes
710 966 1020 1015 111Η1101111111111110
1047 974 1150 1000 saxa
1175 958 1375 1014 capellae,

174 1031 237 1061 180
319 1017 403 1058 iam
428 1016 611 1058 rescient
635 1016 781 1058 haedis
807 1016 938 1058 ubera
963 1016 1088 1071 plena
1113 1015 1212 1057 suis.

261 1081 405 1129 pastor
428 1073 639 1127 inaequali
664 1073 905 1115 modulatur
930 1073 1134 1115 arundine
1161 1086 1343 1122 carmen,

319 1144 398 1172 nee
424 1131 576 1172 desunt
602 1131 795 1180 comites,
823 1130 970 1172 sedula
995 1130 1137 1179 turba,
1165 1143 1304 1171 canes.

261 1194 380 1242 parte
405 1194 556 1229 sonant
581 1187 663 1228 alia
689 1188 818 1228 silvae
842 1186 1075 1242 mugitibus
1103 1187 1224 1235 altae,

319 1251 359 1285 et
385 1244 574 1299 queritur
599 1244 778 1286 vitulum
803 1251 936 1285 mater
962 1244 1109 1285 abesse
1135 1258 1271 1284 suum.

173 1315 236 1346 185
263 1300 384 1356 quid,
411 1316 508 1343 cum
534 1302 788 1356 compositos
814 1301 984 1356 fugiunt
1009 1300 1205 1342 examina
1229 1300 1382 1349 fumos,

319 1366 366 1399 ut
389 1358 576 1400 relevent
602 1358 761 1413 dempti
786 1358 944 1398 vimina
969 1372 1099 1399 curva
1123 1356 1234 1398 favi?

261 1429 389 1470 poma
415 1414 486 1456 dat
511 1422 758 1464 autumnus,
785 1415 971 1455 formosa
996 1422 1056 1455 est
1082 1413 1290 1455 messibus
1317 1423 1468 1463 aestas,

319 1486 392 1513 ver
416 1472 591 1526 praebet
616 1472 760 1521 flores,
786 1472 884 1526 igne
909 1471 1072 1512 levatur
1096 1470 1273 1525 hiemps.

260 1529 522 1583 temporibus
548 1529 670 1570 certis
696 1536 906 1569 matulam
930 1527 1111 1569 iusticus
1137 1542 1192 1568 111·
1197 1542 1264 1568 11111

172 1598 236 1629 190
319 1585 465 1641 deligit
489 1593 531 1627 et
554 1586 670 1626 nudo
696 1585 775 1626 sub
801 1585 908 1640 pede
935 1592 1074 1625 musta
1097 1585 1251 1625 fluunt:

261 1642 521 1698 temporibus
548 1642 671 1684 certis
697 1642 887 1684 desectas
912 1642 1058 1697 alligat
1082 1640 1234 1682 herbas

318 1708 359 1741 et
383 1707 549 1741 tonsam
574 1714 668 1741 raro
694 1699 859 1754 pectine
884 1699 1013 1741 101111
1039 1698 1228 1739 111111111111.

260 1757 350 1812 ipse
375 1763 494 1812 potes
520 1756 652 1812 riguis
677 1757 865 1812 plantam
891 1755 1135 1810 deponer'e
1125 1771 1169 1796 111
1193 1755 1337 1805 hortis,

317 1814 409 1869 ipse
433 1820 554 1869 potes
580 1814 692 1855 rivos
719 1813 872 1856 ducere
898 1813 1002 1855 lenis
1029 1826 1177 1866 aquae.

171 1883 233 1914 195
260 1870 422 1913 venerit
447 1870 605 1912 insitio:
632 1871 700 1912 fac
725 1885 891 1912 ramum
916 1885 1057 1911 ramus
1084 1870 1267 1924 adoptet,

317 1935 482 1981 stetque
507 1927 740 1992 peregrinis
766 1928 891 1968 111-1101
919 1934 1065 1981 operta
1090 1926 1232 1967 comis.

261 1998 358 2026 cum
383 1984 513 2026 semel
539 1984 643 2025 111100
669 1984 856 2025 animum
881 1983 1019 2038 coepit
1043 1983 1226 2024 mulcere
1252 1982 1461 2037 voluptas,

319 2040 528 2082 debilibus
553 2040 693 2095 pinnis
718 2041 867 2081 inritus
893 2040 979 2081 exit
1004 2039 1152 2080 Amor.

261 2097 329 2140 vel
354 2105 401 2138 tu
426 2097 608 2139 venandi
634 2097 821 2139 studium
847 2097 954 2138 cole:
982 2111 1108 2151 saepe
1133 2095 1304 2137 recessit

170 2168 235 2198 200
317 2154 495 2209 turpiter
520 2170 544 2195 a
568 2154 734 2196 Phoebi
759 2153 869 2196 victa
895 2167 1035 2195 sor·01e
1060 2153 1222 2195 Venus.

259 2226 373 2253 nune
397 2211 583 2267 leporem
607 2225 788 2266 pronum
814 2210 952 2252 catulo
979 2217 1138 2251 sectare
1164 2209 1320 2264 sagaci,

317 2282 430 2309 nunc
456 2276 529 2309 tua
553 2268 762 2309 frondosis
788 2267 893 2309 retia
918 2267 1078 2308 tende
1067 2266 1192 2322 iugis,

261 2331 335 2366 aut
358 2325 535 2380 pavidos
561 2333 670 2367 terre
696 2325 812 2366 varia
836 2324 1059 2366 foimidine
1085 2338 1181 2365 cerv
1185 2338 1245 2371 os,

318 2389 391 2423 aut
415 2382 538 2424 cadat
563 2382 741 2424 adversa
766 2381 940 2437 cuspide
965 2380 1104 2422 fossus
1130 2395 1242 2435 aper.

170 2452 234 2483 205
259 2446 382 2481 nocte
407 2439 632 2494 fatigatum
657 2453 848 2504 somnus,
874 2452 959 2479 non
985 2451 1086 2479 cura
1110 2437 1290 2492 puellae,

318 2495 473 2551 excipit
498 2503 539 2538 et
563 2495 712 2551 pingui
736 2495 926 2538 membra
950 2495 1090 2549 quiete
1114 2495 1182 2536 lev
1185 2501 1240 2535 at.

260 2553 394 2594 lenius
421 2560 484 2594 est
509 2553 714 2603 studium,
742 2552 928 2594 studium
952 2559 1114 2600 tamen,
1140 2551 1236 2593 alite
1262 2558 1385 2606 capta

319 2616 391 2650 aut
414 2609 499 2650 lino
525 2617 597 2651 aut
621 2610 792 2651 calamis
817 2609 1005 2665 praemia
1029 2623 1160 2664 paria
1185 2608 1304 2662 sequi

260 2666 347 2714 vel,
373 2680 482 2719 quae
506 2666 632 2721 piscis
658 2667 767 2709 edax
792 2666 914 2708 avido
940 2666 1049 2707 male
1076 2666 1248 2707 devoret
1273 2679 1358 2714 ore,

171 2735 236 2766 210
319 2722 473 2764 abdere
499 2724 703 2778 supremis
730 2738 826 2766 aera
851 2738 1027 2765 recurva
1052 2723 1168 2764 cibis.
1194 2745 1252 2752 -

260 2785 332 2820 aut
357 2778 421 2820 his
448 2787 519 2821 aut
544 2780 654 2831 aliis,
681 2780 813 2823 donec
840 2780 1019 2822 dediscis
1045 2794 1200 2827 amare,
