1831 3168
386 208 442 251 68
838 217 882 253 P.
910 217 1055 254 OVIDI
1080 216 1298 254 NASONIS

442 301 621 356 pignora
647 299 819 355 polliciti
845 315 929 341 non
955 300 1032 341 tibi
1057 300 1177 341 tarda
1203 299 1326 341 dabo.

387 358 436 399 sit
463 357 672 398 tumidum
699 357 843 411 paucis
871 357 995 399 etiam
1021 371 1134 399 nunc
1159 357 1353 399 noctibus
1378 371 1555 413 aequor:

442 415 500 455 ire
527 429 601 468 per
625 414 778 455 invitas
805 414 1072 469 experiemur
1096 429 1241 469 aquas.

296 485 358 515 195
386 480 455 512 aut
482 470 583 526 1111111
610 471 825 525 continget
850 471 951 512 felix
977 471 1155 513 audacia
1180 471 1311 521 salvo,

443 534 515 568 aut
539 542 651 569 mors
678 528 843 569 solliciti
868 527 962 569 finis
989 528 1142 569 amoris
1168 528 1258 570 erit.

386 584 541 640 optabo
567 592 726 634 tamen,
755 592 800 626 ut
824 585 954 640 partis
981 585 1167 640 expellar
1190 585 1232 626 in
1258 585 1350 626 illas

444 648 481 683 et
508 648 680 683 teneant
704 649 849 697 portus
875 641 1083 698 naufraga
1108 643 1298 684 membra
1322 650 1430 684 tuos.

386 698 503 740 flebis
530 698 640 740 enim
666 706 866 752 tactuque
891 714 1033 741 meum
1060 699 1289 754 dignabere
1315 713 1467 755 corpus

295 768 359 799 ε200
443 764 481 797 et
509 755 691 797 ‘mortis'
718 756 831 797 dices
859 756 974 797 ‘huic
1002 770 1081 811 ego
1108 771 1236 798 eausa
1260 756 1348 797 fui?

387 813 544 854 scilicet
569 812 760 854 interitus
786 813 1012 854 offenderis
1038 814 1175 854 omine
1201 813 1345 861 nostri,

442 870 664 923 litteraque
688 869 824 910 invisa
849 878 911 911 est
936 870 1015 911 hac
1041 885 1135 911 mea
1159 878 1277 925 parte
1302 869 1403 910 tibi?

386 925 550 969 desino:
578 941 702 982 parce
728 926 859 980 queri.
921 927 995 967 sed
1021 935 1065 968 ut
1093 935 1133 968 et
1158 941 1272 968 mare
1298 926 1416 967 finiat
1441 926 1561 974 iram,

443 984 664 1032 accedant,
692 998 871 1037 quaeso,
897 984 965 1024 fac
992 991 1064 1025 tua
1089 991 1188 1024 vota
1212 983 1331 1025 meis.

294 1052 357 1083 ‘205
384 1055 488 1096 pace
516 1041 631 1082 brevi
657 1041 778 1081 nobis
804 1055 910 1096 opus
937 1049 1016 1089 est,
1044 1041 1144 1081 dum
1170 1039 1399 1081 transferor
1423 1039 1522 1080 isto:

442 1112 537 1139 cum
564 1105 636 1139 tua
662 1097 877 1152 contigero
902 1097 1044 1146 litora,
1070 1104 1228 1152 perstet
1253 1097 1430 1152 hiemps.

384 1154 478 1196 istic
504 1161 564 1196 est
592 1162 737 1210 aptum
762 1162 929 1196 nostrae
955 1155 1104 1196 navale
1131 1154 1311 1203 carinae,

442 1219 482 1253 et
507 1212 656 1253 melius
682 1211 797 1252 nulla
823 1219 904 1252 stat
928 1227 1022 1253 mea
1047 1211 1200 1266 puppis
1227 1226 1349 1265 aqua.

385 1268 469 1310 11110
495 1283 561 1309 1116
588 1269 757 1309 claudat
782 1268 951 1317 boreas,
977 1268 1049 1309 ubi
1076 1269 1198 1310 dulce
1225 1268 1379 1309 morari
1405 1275 1489 1309 est:

294 1337 358 1368 210
442 1333 542 1366 tunc
567 1325 689 1380 piger
714 1325 767 1365 ad
792 1325 1001 1373 nandum,
1028 1333 1127 1366 tunc
1153 1340 1233 1380 ego
1259 1332 1408 1367 cautus
1434 1339 1504 1366 ero

384 1397 462 1424 1160
487 1382 640 1423 faciam
667 1382 803 1422 surdis
830 1382 1020 1424 convicia
1044 1382 1241 1423 fluetibus
1266 1383 1353 1423 ulla

442 1439 558 1480 triste
584 1446 780 1479 nataturo
805 1454 883 1480 nee
908 1452 1062 1492 querar
1087 1455 1177 1481 esse
1203 1439 1372 1480 fretum.

384 1511 451 1537 me
476 1495 633 1551 pariter
658 1495 773 1536 venti
799 1503 968 1536 teneant
995 1496 1212 1549 tenerique
1237 1495 1394 1544 lacerti,

440 1567 516 1608 per
541 1567 689 1593 causas
714 1552 807 1593 istic
832 1552 1107 1607 inpediarque
1132 1553 1250 1593 duas.

294 1621 357 1652 ‘215
385 1624 482 1651 cum
507 1609 692 1665 patietur
715 1608 899 1664 hiemps,
925 1609 1050 1650 lenuis
1076 1623 1155 1664 6ο·0
1183 1608 1367 1664 cor‘polis
1393 1616 1506 1649 utar:

441 1666 620 1708 lumen'
610 1682 652 1707 111
679 1674 853 1720 aspectu
879 1673 925 1707 tu
951 1667 1077 1707 modo
1103 1681 1270 1721 semper
1294 1665 1416 1707 habe.

384 1724 544 1765 interea
569 1738 644 1778 pro
671 1738 737 1764 me
763 1730 980 1778 pernoctet
1005 1723 1186 1778 epistula
1212 1731 1365 1772 tecum,

442 1795 570 1834 quam
597 1794 745 1835 precor
770 1788 816 1820 ut
842 1779 1014 1821 minima
1039 1795 1271 1836 prosequar
1295 1780 1385 1834 ipse
1409 1793 1540 1820 mora.

987 1881 1164 1924 XVIII.

386 1948 528 2002 Quam
553 1949 655 1990 mihi
682 1949 830 1990 misisti
855 1949 1014 1998 verbis,
1041 1950 1258 1998 Leandre,
1286 1950 1465 1990 salutem
1625 1960 1720 1993 Hero

441 2014 489 2047 ut
513 2006 671 2061 possim
698 2006 870 2047 missam
896 2007 1022 2048 rebus
1048 2006 1223 2055 habere,
1250 2006 1365 2048 veni!
1585 2006 1759 2039 Leandro.

384 2064 513 2117 longa
536 2078 655 2104 mora
680 2070 743 2105 est
768 2063 889 2105 nobis
915 2063 1070 2112 omnis,
1097 2078 1205 2117 quae
1231 2063 1389 2118 gaudia
1415 2062 1568 2105 differt.

443 2120 498 2161 da
521 2120 688 2161 veniam
714 2120 874 2161 fassae:
900 2135 985 2161 11011
1010 2120 1218 2174 patienter
1243 2135 1352 2161 amo.

339 2191 358 2221 5
385 2177 547 2218 urimur
570 2176 668 2232 igne
694 2177 806 2232 pari3
833 2177 907 2218 sed
933 2192 1025 2217 sum
1052 2177 1128 2218 tibi
1154 2177 1313 2218 viribus
1338 2177 1478 2232 inpar:

441 2234 591 2275 fortius
616 2234 835 2289 ingenium
861 2234 1052 2288 suspicor
1077 2249 1167 2276 esse
1193 2234 1306 2275 viris.

384 2299 432 2332 ut
457 2305 628 2346 corpus,
655 2291 808 2332 teneris
833 2290 892 2331 ita
916 2306 1035 2332 meus
1060 2291 1226 2332 infirma
1251 2291 1421 2346 puellis:

442 2347 654 2397 deficiam,
681 2347 802 2402 parvi
827 2348 1027 2402 temporis
1054 2347 1161 2389 adde
1186 2362 1362 2389 moram.

384 2419 458 2445 vos
483 2405 610 2445 modo
635 2404 829 2446 venando
855 2405 982 2446 modo
1008 2420 1078 2445 rus
1104 2405 1271 2459 geniale
1297 2404 1474 2446 colendo

319 2475 359 2506 10
441 2461 596 2516 ponitis
621 2461 665 2503 in
689 2461 807 2502 varia
831 2468 1022 2517 tempora
1046 2462 1174 2517 longa
1198 2476 1329 2503 mora.

386 2527 457 2559 aut
481 2518 574 2559 fora
598 2533 673 2559 vos
699 2519 880 2560 retinent
905 2526 978 2560 aut
1002 2526 1154 2560 unctae
1181 2519 1292 2560 dona
1316 2519 1564 2574 palaestrae,

441 2575 606 2616 flectitis
632 2582 705 2616 aut
730 2575 849 2617 freno
875 2575 984 2617 colla
1010 2576 1202 2630 sequacis
1229 2577 1346 2629 equi3

384 2646 497 2672 nunc
522 2632 736 2673 volucrem
762 2633 935 2686 laqueo,
960 2647 1073 2673 nunc
1098 2633 1255 2687 piscem
1283 2632 1435 2674 ducitis
1460 2646 1569 2680 amo,

443 2688 616 2728 diluitur
640 2689 776 2743 posito
802 2690 933 2731 serior
957 2689 1061 2731 hora
1086 2704 1214 2731 mero.

318 2758 358 2789 15
385 2744 449 2786 his
475 2744 577 2785 mihi
605 2753 858 2795 summotae,
885 2746 951 2787 vel
978 2747 1011 2787 si
1036 2747 1174 2787 minus
1201 2746 1351 2788 aeriter
1376 2760 1487 2795 urar,
