1831 3168
389 217 416 260 6
843 225 886 259 Ρ.
914 224 1056 260 ov1D1
1084 224 1301 260 NASONIS

447 323 542 350 eum
567 313 772 363 premeret
798 314 943 361 portus
969 305 1112 347 classis
1138 306 1248 347 itura
1271 320 1401 348 meos.

391 380 516 406 ausus
543 379 586 406 es
612 363 827 418 amplecti,
854 363 1046 427 colloque
1071 362 1236 404 infusus
1261 363 1439 404 amantis

446 421 588 462 oscula
612 434 687 474 per
711 419 894 473 longas'
883 434 1058 474 lungere
1084 434 1229 474 pressa
1252 434 1391 460 moras

324 493 363 522 95
392 491 571 531 cumque
597 476 679 517 tuis
704 454 886 516 lacrimis
911 475 1106 517 lacrimas
1132 475 1391 517 confundere
1417 482 1596 524 nostras,

445 533 641 587 quodque
667 532 776 574 foret
799 532 903 573 velis
929 548 1032 573 aura
1056 532 1262 582 secunda,
1288 532 1420 586 queri,

388 600 426 631 et
453 589 552 630 mihi
581 589 799 630 discedens
825 604 1022 644 suprema
1047 589 1186 631 dicere
1211 603 1313 631 voce

446 645 626 700 ‘Phylli‚
652 646 744 687 face
771 654 965 701 expectes
992 645 1320 701 Demophoonta
1345 645 1490 686 tuum.'

388 711 626 758 expectem,
652 703 725 756 qui
750 718 816 744 me
842 717 1074 757 numquam
1100 703 1266 744 visurus
1292 703 1440 744 abisti?

298 774 362 804 100
444 766 662 814 expectem
687 759 839 815 pelago
865 760 959 801 vela
983 767 1139 815 negata
1163 760 1284 801 meo?

389 824 426 858 et
453 824 593 858 tamen
620 824 809 871 expecto.
859 816 1007 859 redeas
1033 817 1158 858 modo
1184 831 1301 858 serus
1327 816 1497 865 amanti,

444 883 488 914 ut
515 880 587 914 tua
613 873 666 914 sit
691 873 778 914 solo
804 880 992 928 tempore
1017 873 1136 928 lapsa
1160 873 1264 914 fides
1289 897 1346 902 —

388 930 488 984 quid
513 944 662 985 precor
686 929 858 971 infelix?
884 938 924 971 te
949 930 1033 971 iam
1060 938 1173 971 tenet
1198 930 1329 971 altera
1354 929 1537 970 coniunx

444 986 619 1027 forsitan
645 994 685 1028 et
709 986 830 1028 nobis
856 986 928 1040 qui
953 987 1063 1028 male
1088 986 1191 1027 favit
1219 1001 1354 1027 amor:

298 1052 360 1087 105
387 1052 517 1097 utque
543 1043 619 1084 tibi
644 1043 896 1092 excidimus,
922 1043 1022 1084 null
1015 1059 1100 1091 un
1126 1051 1248 1098 puto,
1274 1042 1363 1097 Ph>
1362 1042 1475 1083 llida
1499 1042 1623 1084 nosti.

443 1100 480 1141 ei
505 1100 627 1149 mihi,
655 1100 708 1150 si,
735 1114 842 1154 quae
869 1100 948 1141 sim
972 1073 1137 1154 Phyllis
1163 1107 1203 1141 et
1227 1099 1353 1148 uncle,
1379 1098 1523 1154 rogas!

386 1170 493 1210 quae
519 1156 614 1206 tibi,
640 1156 942 1212 Demophoon,
968 1157 1105 1211 longis
1131 1156 1342 1199 errolibus
1369 1163 1461 1197 aeto

442 1213 658 1255 Threicios
683 1221 827 1268 portus
852 1213 1164 1268 hospitiumque
1191 1213 1305 1255 dedi:

386 1269 504 1311 cuius
530 1284 629 1325 opes
655 1285 810 1311 auxere
835 1285 972 1319 meae,
999 1270 1067 1311 cui
1092 1270 1209 1312 dives
1236 1270 1376 1325 egenti

295 1339 360 1371 110
442 1341 619 1368 munera
643 1327 775 1368 multa
800 1327 916 1375 dedi,
943 1327 1074 1368 multa
1100 1327 1250 1368 datura
1275 1326 1356 1367 fui:

385 1396 494 1436 quae
519 1383 595 1424 tibi
620 1383 780 1425 subieci
804 1383 1008 1424 latissima
1032 1399 1165 1438 regna
1191 1383 1395 1438 Lycurgi,

442 1439 611 1482 nomine
636 1440 820 1482 femineo
846 1440 918 1481 vix
943 1440 1042 1481 satis
1069 1448 1167 1496 apta
1192 1440 1294 1495 regi,

384 1510 467 1550 qua
491 1503 606 1551 patet
631 1497 877 1538 umbrosum
904 1497 1110 1551 Rhodope
1135 1497 1323 1551 glacialis
1349 1496 1403 1538 ad
1429 1497 1665 1543 Haemum,

441 1559 479 1594 et
505 1567 623 1594 sacer
648 1553 852 1594 admissas
878 1553 1009 1608 exigit
1035 1554 1206 1595 Hebrus
1233 1568 1383 1607 aquas:

294 1622 357 1654 115
383 1609 451 1650 cui
475 1624 570 1650 mea
595 1609 813 1665 virginitas
839 1609 988 1651 avibus
1013 1610 1145 1651 libata
1170 1609 1362 1659 sinistris,

440 1672 639 1720 castaque
664 1666 805 1707 fallaci
829 1681 937 1707 zona
962 1666 1147 1707 recincta
1172 1681 1314 1707 manu.

382 1723 575 1778 pronuba
599 1722 830 1778 Tisiphone
856 1723 1051 1764 thalamis
1076 1723 1253 1764 ululavit
1279 1723 1322 1764 111
1347 1723 1441 1772 illis,

440 1787 480 1820 et
506 1778 656 1821 cecinit
680 1787 889 1821 maestum
915 1780 1038 1821 (levia
1063 1794 1232 1821 carmen
1259 1779 1360 1820 avis.

383 1835 517 1876 adsuit
542 1836 709 1877 Allecto
734 1836 934 1877 brevibus
960 1844 1155 1889 torquata
1180 1836 1376 1885 colubris,

294 1905 358 1936 120
440 1900 620 1946 suntque
646 1893 897 1947 sepulchrali
921 1893 1081 1933 lumina
1105 1900 1219 1933 mota
1243 1893 1348 1934 face.

382 1956 542 1990 maesta
567 1957 707 1990 tamen
733 1949 927 2004 scopulos
953 1949 1237 2003 fruticosaque
1262 1949 1385 1990 litora
1410 1949 1529 1991 calco

441 2019 633 2059 quaeque
659 2013 804 2061 patent
829 2006 960 2047 oculis
985 2006 1108 2047 litora
1132 2006 1217 2047 lata
1241 2006 1358 2048 meis.

383 2062 470 2103 sive
496 2062 562 2104 die
587 2062 755 2104 laxatur
778 2062 952 2108 humus,
978 2077 1053 2104 seu
1077 2062 1233 2117 frigida
1256 2063 1398 2104 lucent

439 2118 594 2169 sidera,
620 2119 848 2174 prospicio,
875 2119 968 2173 quis
994 2118 1102 2160 freta
1126 2127 1275 2160 ventus
1302 2130 1413 2174 agat.

293 2188 356 2219 125
384 2182 424 2217 et
452 2189 744 2229 quaecumque
769 2177 915 2231 procul
942 2175 1151 2217 venientia
1175 2176 1304 2217 lintea
1329 2177 1428 2225 vidi,

438 2233 628 2287 protinus
655 2233 726 2274 illa
750 2247 865 2274 meos
891 2247 1075 2288 auguror
1100 2248 1190 2274 esse
1216 2233 1328 2274 deos.

382 2288 424 2329 in
449 2289 556 2330 freta
580 2304 794 2355 procurro,
820 2289 891 2330 vix
916 2305 983 2331 me
1008 2289 1284 2331 retinentibus
1309 2289 1449 2338 undis,

438 2346 593 2388 mobile
619 2360 704 2400 qua
728 2347 885 2402 primas
910 2346 1086 2402 polrigit
1111 2361 1268 2411 aequor
1292 2361 1437 2399 aquas.

383 2417 466 2456 quo
492 2403 627 2459 magis
654 2403 872 2452 accedunt,
899 2403 1036 2444 minus
1063 2410 1101 2445 et
1126 2403 1265 2444 minus
1290 2403 1403 2444 utilis
1429 2402 1570 2444 adsto:

294 2472 357 2502 130
439 2439 618 2513 linquoi,
644 2468 684 2502 et
709 2460 869 2502 ancillis
895 2459 1142 2515 excipienda
1166 2460 1284 2501 cado.

383 2524 442 2556 est
470 2517 604 2565 sinus,
631 2517 835 2559 adductos
860 2517 1024 2558 modice
1049 2516 1262 2558 falcatus
1251 2532 1294 2558 111
1320 2531 1461 2558 arcus:

440 2573 586 2613 ultima
612 2582 839 2629 praerupta
864 2588 1020 2615 cornua
1044 2574 1154 2616 mole
1178 2574 1329 2629 rigent.

382 2628 479 2669 hinc
505 2629 605 2670 mihi
631 2631 866 2686 suppositas
891 2630 1101 2672 inmittere
1127 2645 1278 2685 corpus
1303 2630 1346 2670 in
1371 2628 1505 2670 undas

440 2701 556 2727 mens
582 2686 661 2727 fuit
684 2711 741 2716 —-
765 2694 818 2736 et,
846 2687 1045 2752 quoniam
1070 2687 1215 2728 fallere
1240 2686 1401 2741 pagis,
1427 2685 1518 2727 erit.

293 2755 357 2785 135
384 2742 437 2783 ad
463 2752 533 2783 tua
559 2758 625 2784 me
652 2743 801 2784 fluctus
827 2744 1056 2798 proiectam
1081 2744 1203 2785 litora
1227 2750 1408 2798 portent,
