1831 3168
380 250 435 293 32
839 258 880 291 P.
909 257 1053 292 ovmi
1078 255 1295 292 NASONJS

437 340 540 382 vidit
567 347 606 382 et
633 339 674 380 in
700 338 870 394 speculo
897 338 1088 393 coniugis
1114 353 1231 379 arma
1257 338 1333 379 sui.

380 398 483 439 haec
510 405 650 438 tamen
677 396 904 436 audieram.
965 395 1081 435 licuit
1107 409 1190 436 non
1217 395 1385 437 credere
1411 395 1563 447 famae,

292 468 355 497 120
438 463 478 496 et
504 452 616 494 venit
644 452 697 493 ad
724 467 870 493 sensus
895 451 1032 492 mollis
1059 451 1112 492 ab
1138 466 1238 493 aure
1265 451 1400 493 dolor:
1427 476 1483 482 —

380 519 475 553 ante
501 524 617 551 meos
642 509 784 550 oculos
811 508 1034 550 adducitur
1057 508 1220 549 advena
1244 508 1407 563 paelex,

435 581 514 608 nec
539 566 659 614 mihi,
687 579 795 619 quae
819 565 968 621 patior,
995 565 1258 607 dissimulare
1285 565 1393 607 licet.

379 639 464 666 non
489 623 590 664 sinis
616 622 760 664 averti.
821 622 1003 664 mediam
1030 622 1197 677 captiva
1221 637 1295 677 per
1319 622 1467 664 urbem

436 679 578 722 invitis
604 680 735 721 oculis
762 679 1004 735 aspicienda
1029 679 1156 720 venit.

292 751 353 780 125
381 753 458 780 nec
483 736 597 778 venit
621 736 788 778 incultis
815 745 1033 792 captarum
1060 750 1174 778 more
1201 736 1374 791 capillis,

437 794 649 836 fortunam
675 793 793 834 vultu
819 794 932 834 fassa
957 803 1121 834 tacente
1147 808 1280 834 suam.

382 851 615 907 ingreditur
639 850 722 891 late
747 850 831 891 lato
858 850 1097 905 spectabilis
1124 865 1240 898 auro,

439 907 652 962 qualiter
642 923 684 948 m
709 906 870 962 Plnvg
845 923 900 948 la
925 915 969 947 tu
996 921 1163 960 quoque
1190 906 1326 947 cultus
1352 921 1457 948 elas.

383 967 455 1007 dat
480 965 643 1005 xultum
669 964 825 1019 populo
829 943 1060 1011 ῦ51ὼίἰι11ἰ5,
1088 974 1133 1004 ut
1159 963 1345 1005 IffIeicule
1373 964 1482 1005 xieto

295 1033 357 1064 130
442 1020 691 1063 Oechaliam
717 1021 812 1061 vixo
839 1028 947 1062 stare
973 1030 1146 1075 parente
1172 1028 1307 1075 pute5.

382 1079 557 1121 foisitan
582 1086 622 1119 et
646 1078 769 1133 pulsa
794 1077 991 1119 Aetolide
1016 1077 1221 1119 Deianira

439 1134 608 1176 nomine
634 1134 823 1189 deposito
847 1134 1019 1189 paelicis
1045 1148 1153 1174 uxor
1178 1133 1274 1174 erit:

381 1191 697 1247 Eurytidosque
724 1190 833 1232 Ioles
859 1199 985 1244 atque
1010 1190 1139 1231 Aonii
1165 1190 1344 1232 Alcidae

438 1248 577 1304 turpia
602 1248 789 1290 famosus
815 1262 991 1303 corpora
1015 1247 1162 1302 iunget
1187 1248 1374 1302 Hymen.

292 1316 355 1347 135
381 1321 499 1348 mens
525 1305 634 1361 sugit
661 1304 896 1353 admonitu,
922 1304 1141 1359 frigusque
1166 1304 1431 1359 perambulat
1456 1313 1583 1355 artus,

440 1371 479 1405 et
503 1362 613 1404 iacet
636 1361 680 1403 in
705 1362 866 1417 gremio
891 1361 1093 1416 languida
1118 1361 1230 1402 facta
1255 1376 1418 1402 manus.

379 1435 447 1462 me
474 1432 642 1473 quoque
669 1433 765 1460 cum
790 1418 951 1466 multis,
979 1418 1053 1459 sed
1078 1433 1144 1460 me
1170 1418 1259 1459 sine
1286 1418 1457 1460 crimine
1483 1418 1650 1460 amasti.

438 1491 490 1518 ne
515 1475 678 1530 pigeat,
704 1490 873 1530 pugnae
898 1475 962 1516 bis
989 1474 1063 1515 tibi
1089 1489 1217 1516 causa
1241 1474 1316 1516 fui.

382 1547 538 1574 cornua
563 1532 667 1574 flens
692 1532 794 1586 legit
818 1531 918 1586 ripis
944 1531 1197 1573 A'chelous
1186 1547 1229 1572 in
1254 1532 1348 1574 udis

296 1600 355 1631 140
439 1599 670 1642 truncaque
695 1589 845 1629 limosa
870 1596 1061 1643 tempora
1086 1589 1228 1630 mersit
1254 1603 1376 1643 aqua.

382 1645 552 1688 semivir
576 1645 775 1687 occubuit
798 1645 842 1686 in
865 1644 1030 1687 letifero
1056 1644 1206 1686 Eueno

437 1703 620 1752 Nessus,
647 1709 686 1744 et
710 1701 857 1743 infecit
881 1702 1054 1756 sanguis
1080 1702 1259 1755 equinus
1285 1717 1430 1757 aquas.
1455 1727 1513 1732 —

381 1759 454 1801 sed
480 1759 581 1814 quid
608 1774 686 1814 ego
711 1759 816 1801 haec
841 1758 1004 1800 refero?
1041 1759 1239 1800 scribenti
1263 1760 1412 1801 nuntia
1436 1760 1551 1801 veuit

436 1816 568 1865 fama,
594 1816 733 1857 virum
758 1815 926 1858 tunicae
951 1816 1048 1857 tabe
1073 1815 1209 1870 perire
1234 1831 1366 1858 meae.

291 1886 353 1916 145
381 1873 417 1914 ei
442 1873 563 1922 mihi,
589 1873 692 1926 quid
716 1872 822 1914 feci?
847 1886 931 1926 quo
957 1888 1024 1914 me
1050 1872 1166 1913 furor
1191 1873 1277 1927 egit
1302 1873 1539 1915 amantem?

436 1929 566 1984 impia
591 1929 692 1983 quid
719 1929 886 1970 dubitas
912 1929 1116 1970 Deianira
1139 1930 1272 1970 mori?

381 2002 433 2027 an
458 1994 555 2027 tuus
581 1986 623 2026 in
648 1985 788 2026 media
813 1985 995 2026 coniunx
1021 1986 1274 2027 lacerabitur
1299 1985 1425 2035 Oeta,

438 2051 482 2084 tu
510 2042 676 2084 sceleris
702 2041 807 2083 tanti
833 2056 960 2083 causa
986 2054 1196 2097 superstes
1222 2043 1329 2084 eris?

382 2099 521 2154 siquid
547 2099 684 2140 adhuc
708 2099 844 2140 habeo
870 2099 990 2147 facti,
1018 2114 1092 2140 eur
1117 2100 1315 2141 Herculis
1341 2115 1449 2141 uxor

291 2171 355 2201 150
439 2156 598 2205 credar,
625 2156 810 2211 coniugii
835 2170 947 2197 mors
973 2155 1076 2196 mihi
1101 2156 1256 2211 pignus
1282 2157 1372 2198 erit.

381 2223 425 2254 tu
451 2227 620 2267 quoque
646 2227 875 2269 cognosces
901 2212 944 2253 in
969 2228 1056 2261 me,
1081 2213 1314 2268 Meleagre,
1342 2229 1540 2256 sororem.

436 2270 566 2325 impia
591 2269 694 2324 quid
720 2270 888 2311 dubitas
913 2269 1118 2311 Deianira
1143 2271 1274 2311 mori?

381 2327 463 2368 heu
489 2327 642 2368 devota
667 2326 836 2368 domus!
875 2326 979 2368 solio
1005 2327 1123 2368 sedet
1146 2327 1306 2382 Agrios
1332 2328 1434 2369 alto:

438 2382 587 2426 Oenea
613 2384 825 2425 desertum
849 2383 964 2424 nuda
989 2392 1158 2426 senecta
1182 2385 1354 2438 premit:

294 2454 353 2484 155
381 2441 522 2482 exulat
546 2440 701 2496 ignotis
727 2441 900 2496 Tydeus
925 2455 1152 2496 germanus
1178 2442 1219 2482 in
1245 2442 1347 2483 oris:

437 2498 541 2539 alter
566 2498 684 2539 fatali
709 2498 830 2539 vivus
856 2497 899 2539 in
922 2498 1022 2553 igne
1047 2497 1145 2538 fuit:

380 2554 521 2610 exegit
546 2554 704 2596 ferrum
730 2570 807 2596 sua
831 2570 906 2610 per
931 2554 1178 2610 praecordia
1202 2562 1348 2596 mater.

436 2610 565 2666 impia
590 2611 692 2665 quid
717 2611 884 2653 dubitas
910 2611 1115 2653 Deianira
1138 2611 1269 2652 mori?

381 2667 582 2722 deprecor
607 2668 686 2709 hoc
711 2683 842 2709 unum
867 2683 943 2723 per
966 2669 1058 2710 iura
1083 2668 1308 2711 sacerrima
1331 2668 1442 2717 lecti,

291 2736 355 2767 160
438 2738 488 2765 ne
515 2724 658 2766 videar
684 2725 779 2766 fatis
806 2725 1002 2767 insidiata
1026 2725 1122 2766 tuis.

379 2779 539 2822 Nessus
566 2789 610 2822 ut
637 2790 695 2823 est
724 2781 893 2823 avidum
919 2796 1144 2836 percussus
1171 2781 1374 2824 arundine
1399 2789 1562 2836 pectus,
