1831 3168
446 235 668 271 AMORUM
693 234 790 269 LIB.
818 234 887 269 111.
916 234 961 278 V,
985 232 1121 278 3-VJ‚
1146 232 1201 266 42.

789 361 867 405 V1.

139 430 315 479 Amnis,
341 429 650 471 harundinibus
676 430 846 470 limosas
873 428 1007 470 obsite
1034 428 1159 483 ripas,

198 488 251 529 ad
277 487 490 528 dominun
516 502 714 542 propcrzo
740 487 838 527 siste
865 500 1092 541 parumper
1110 483 1267 549 aquasl

139 559 218 587 nec
245 544 320 585 tibi
347 552 443 585 sunt
469 553 638 599 pontes,
665 558 742 585 nec
768 558 876 597 quae
903 542 992 584 sine
1018 541 1187 596 remigis
1213 540 1299 582 ictu

199 616 385 642 concava
410 601 584 643 traiecto
610 600 764 642 cumba
789 600 965 641 1udentc
992 599 1130 640 vehat.

140 674 296 714 parvus
323 673 435 707 era‚s
461 658 651 707 memini,
678 672 754 699 nec
780 665 820 698 te
847 656 1022 697 transiie
1047 655 1200 709 refugi,

199 729 449 769 summaque
475 715 545 756 vix
571 716 676 756 talos
703 713 877 767 contiwit
902 713 1017 753 unda
1041 726 1171 753 meos·

141 787 255 814 nune
280 772 386 820 ruiS‚
413 772 604 827 adposito
630 771 798 813 nivibus
824 770 875 811 de
901 777 1043 810 monte
1069 767 1231 816 solutis,

201 837 241 870 ct
267 829 379 883 tu1pi
406 844 518 870 crass
523 844 567 869 as
594 828 762 883 gurgite
788 826 920 867 volvis
947 840 1091 879 aquas.

146 885 248 940 quid
274 900 522 940 ploperassc
548 885 617 925 iuv
623 894 683 933 at,
676 865 811 938 Uquid
836 897 964 938 parca
989 881 1154 923 dedisse
1181 880 1313 935 quieti

199 952 408 997 tempora,
434 942 536 996 quid
562 941 675 983 nocti
700 939 961 983 conseruisse
987 939 1111 987 diem,

142 999 175 1040 si
202 1008 343 1040 tamen
369 998 436 1040 hic
462 999 659 1040 standum
684 1006 766 1047 est,
792 997 826 1038 si
851 1011 936 1037 non
962 995 1086 1036 datur
1111 994 1271 1036 artibus
1296 993 1393 1035 ullis

200 1056 373 1098 ulterior
396 1063 540 1098 nostro
565 1055 658 1110 iipa
681 1053 912 1119 premenda
936 1052 1060 1107 pedi?

141 1127 254 1154 nunc
281 1128 360 1167 ego
385 1127 491 1167 quas
517 1112 665 1153 habuit
688 1111 839 1166 pinnas
864 1109 1084 1151 Danaeius
1111 1107 1248 1157 heros,

200 1169 375 1211 tenibili
402 1170 580 1211 densum
606 1183 703 1210 cum
728 1167 821 1208 tulit
847 1181 986 1221 angue
1013 1173 1152 1230 eaput,

141 1241 254 1268 nunc
281 1234 379 1281 opto
406 1241 595 1274 currum,
622 1225 673 1267 de
698 1238 782 1278 quo
810 1222 995 1265 Cerialia
1020 1222 1203 1277 plinium

153 1315 155 1317 -
201 1283 361 1324 semina
387 1290 594 1324 venerunt
618 1282 662 1323 in
686 1281 791 1323 rude
816 1280 944 1322 missa
971 1280 1121 1321 solum.

142 1339 386 1395 prodigiosa
409 1339 558 1393 loquor
583 1346 773 1380 veterum
799 1337 1021 1379 mendacia
1046 1346 1212 1385 vatum3

199 1411 276 1438 nec
303 1396 398 1438 tulit
422 1396 526 1438 haec
552 1410 755 1450 umquam
780 1410 858 1437 nec
884 1394 991 1436 feiet
1015 1394 1102 1435 ulla
1128 1393 1230 1435 dies.

142 1461 187 1495 tu
213 1453 373 1508 potius,
398 1453 499 1508 ripis
526 1453 660 1495 effuse
686 1452 912 1507 capacibus
939 1451 1171 1500 amnis,—

203 1511 262 1552 sic
288 1519 482 1552 aeternus
508 1525 578 1552 eas
603 1534 661 1539 ——
684 1510 826 1551 labere
851 1509 934 1550 fine
961 1507 1053 1549 tuo!

142 1582 226 1608 non
253 1567 332 1609 exis
358 1567 561 1615 invidiae,
587 1574 770 1615 torrens,
797 1565 899 1606 mihi
924 1565 1068 1614 crede,
1094 1563 1309 1613 ferendae,

201 1624 236 1665 si
262 1624 377 1665 dicar
401 1638 477 1678 per
502 1632 542 1664 te
567 1623 675 1664 forte
700 1631 887 1665 retentus
915 1637 1076 1663 amans.

142 1681 317 1723 flumina
342 1680 553 1722 debebant
578 1680 753 1722 iuvenes
778 1680 821 1720 in
847 1694 989 1720 amore
1013 1679 1180 1719 iuvare:

200 1737 376 1779 flumina
401 1746 620 1779 senserunt
645 1737 755 1792 ipsa,
781 1736 884 1790 quid
909 1743 1019 1777 esset
1045 1750 1174 1776 amor.

142 1794 328 1836 Inachus
352 1794 395 1836 in
420 1794 552 1836 Melie
577 1793 808 1848 Bithynide
834 1793 1016 1848 pallidus
1042 1792 1126 1833 isse

201 1852 353 1893 dicitur
379 1858 419 1892 et
443 1851 595 1905 gelidis
621 1850 846 1892 incaluisse
872 1849 1003 1890 vadis.

143 1908 331 1950 nondum
357 1907 487 1949 Troia
511 1907 591 1948 fuit
616 1908 758 1948 lustris
784 1907 958 1948 obsessa
984 1905 1163 1954 duobus,

202 1980 298 2006 cum
323 1965 462 2020 rapuit
486 1965 644 2013 vultus,
670 1963 868 2012 Xanthe‚
894 1963 1061 2004 Neaera
1085 1970 1194 2003 tuos

145 2022 263 2077 quid,
289 2036 374 2063 non
399 2020 599 2076 Alpheon
625 1996 801 2062 diversis
827 2034 993 2062 currere
1019 2019 1140 2061 terris

201 2078 376 2134 virginis
401 2078 613 2120 Arcadiae
639 2086 778 2120 certus
804 2077 947 2132 adegit
973 2076 1116 2118 amor?

146 2144 186 2178 te
212 2150 381 2189 quoque
406 2135 657 2191 promissam
681 2134 873 2183 Xantho,
885 2113 1064 2184 t>Penee,
1091 2131 1298 2174 Creusam

203 2192 454 2234 Phthiotum
479 2192 598 2234 telris
624 2191 860 2233 occuluisse
885 2191 1039 2232 ferunt.

146 2249 250 2303 quid
274 2248 454 2290 referam
478 2249 681 2303 Asopon?
718 2263 845 2302 quem
871 2247 982 2302 cepit
1006 2246 1165 2287 Martia
1190 2245 1354 2294 Thebe,

204 2313 399 2346 natarum
424 2304 572 2347 Thebe
598 2305 784 2359 quinque
809 2304 953 2345 sutura
976 2318 1142 2358 parens.

150 2377 307 2404 cornua
333 2361 367 2403 si
392 2369 465 2403 tua
489 2376 602 2403 nunc
627 2361 701 2403 ubi
727 2361 828 2409 sint,
854 2360 1064 2409 Acheloe,
1090 2360 1316 2413 requiram,

204 2419 404 2460 Herculis
428 2418 534 2459 irata
558 2418 693 2460 fracta
718 2433 894 2472 querere
919 2432 1068 2458 manu:

149 2491 226 2519 nec
252 2475 357 2517 tanti
383 2473 597 2530 Calydon,
623 2489 701 2517 nec
726 2483 814 2516 tota
838 2473 1010 2515 Aetolia
1035 2474 1152 2523 tanti,

209 2548 293 2574 una
318 2542 460 2573 tamen
485 2531 591 2573 tanti
614 2531 819 2573 Deianira
843 2531 936 2572 fuit.

149 2591 217 2631 ille
242 2590 376 2631 fluens
402 2588 519 2630 dives
545 2596 720 2644 septena
743 2603 819 2643 per
843 2588 948 2629 ostia
973 2587 1110 2636 Nilus,

209 2646 278 2700 qui
304 2645 483 2701 patriam
509 2653 649 2687 tantae
674 2654 760 2687 tam
786 2645 892 2687 bene
918 2645 1025 2686 celat
1050 2658 1200 2698 aquae,

150 2703 284 2745 fertur
308 2704 351 2744 in
377 2701 576 2744 Euanthe
602 2702 822 2744 collectam
847 2701 1038 2757 Asopide
1063 2701 1277 2742 flammam

209 2759 377 2802 vincere
401 2759 640 2815 gurgitibus
665 2773 748 2801 non
774 2759 962 2815 potuisse
987 2758 1087 2800 suis.

1429 220 1512 264 125

1546 950 1588 979 lO

1547 1235 1588 1264 15

1548 2088 1593 2119 30

1550 2371 1593 2402 35

1547 2658 1593 2689 40
