1831 3168
309 256 391 298 134
763 266 805 300 P.
835 265 979 301 OVIDI
1005 264 1220 300 NASONIS

307 363 408 403 crgo
436 362 515 403 ego
542 347 739 395 sustinui,
767 347 928 389 foribus
955 355 1041 388 tarn
1067 362 1192 402 saepe
1217 348 1426 402 repulsus,

241 420 281 449 10
364 406 595 459 ingenuum
622 405 727 445 dura
751 419 907 459 ponere
934 419 1083 459 corpus
1109 404 1262 444 humo?

308 477 408 516 ergo
436 476 514 515 ego
540 461 680 502 nescio
707 461 794 510 cui,
820 475 946 514 quern
972 469 1017 502 tu
1044 461 1249 515 conplexa
1274 461 1461 510 tenebas,

365 517 547 559 cxcubui
573 518 778 566 clausam,
805 533 950 559 servus
976 525 1041 566 ut,
1069 526 1163 558 ante
1189 518 1388 559 domum?

307 575 412 623 vidi,
440 589 536 615 cum
562 574 723 615 foribus
749 575 885 616 lassus
911 575 1094 629 prodiret
1121 582 1294 624 amator,

363 631 595 672 invalidum
621 632 808 673 referens
834 632 1140 684 emeritumque
1166 632 1288 672 latus.

241 701 279 731 15
306 688 384 729 hoc
411 696 550 730 tamen
578 696 640 730 cst
664 689 818 737 levius,
844 703 971 742 quam
998 689 1111 742 quod
1137 704 1230 729 sum
1255 689 1369 729 visus
1395 688 1448 729 ab
1472 688 1559 730 illo.

365 745 530 786 eveniat
554 746 706 786 nostris
733 746 923 787 hostibus
948 746 1017 787 ille
1043 745 1198 800 pudor!

307 803 476 855 quando
503 817 582 857 ego
608 817 691 843 non
716 803 826 843 fixus
852 803 971 844 lateri
997 803 1203 858 patienter
1228 802 1412 852 adhaesi,

364 860 453 914 ipsc
479 867 578 900 tuus
604 868 763 909 custos,
790 860 879 914 ipsc
905 860 981 909 vir,
1007 860 1096 914 ipse
1123 860 1287 900 comes?

307 916 466 958 scilicet
491 924 531 957 ct
556 917 712 972 populo
739 932 813 971 per
837 932 903 957 mc
931 918 1127 957 comitati
1152 916 1367 971 placebas!

239 985 281 1015 20
364 989 491 1014 causa
517 974 596 1014 fuit
621 974 763 1014 multis
788 981 930 1014 noster
955 973 1109 1014 amoris
1134 988 1263 1014 amor.

307 1031 446 1085 turpia
472 1030 574 1084 quid
600 1031 781 1072 referam
807 1045 940 1072 vanae
967 1030 1187 1071 mendacia
1212 1030 1382 1085 linguae

364 1096 405 1128 et
429 1088 661 1142 periuratos
687 1088 729 1128 in
756 1103 850 1129 mea
876 1088 1030 1128 damna
1056 1088 1182 1128 deos?

307 1145 410 1198 quid
434 1145 636 1186 iuvenum
664 1145 811 1185 tacitos
837 1145 945 1186 inter
970 1144 1164 1185 convivia
1187 1153 1329 1191 nutus,

364 1201 579 1255 verbaque
605 1202 829 1256 conpositis
857 1201 1118 1242 dissimulata
1141 1201 1278 1242 notis?

240 1270 280 1300 ‘25
308 1258 419 1299 dicta
445 1266 533 1299 erat
558 1273 686 1313 aegra
711 1258 831 1298 mihi:
857 1273 1059 1313 praeceps
1087 1272 1316 1311 amensque
1343 1258 1521 1299 cucurri.

363 1315 479 1364 veni,
506 1323 547 1356 et
570 1315 692 1356 rivali
717 1330 801 1356 non
827 1324 915 1356 erat
941 1330 1069 1369 aegra
1095 1315 1208 1356 mco!

306 1371 370 1412 his
396 1380 455 1421 et,
482 1386 590 1425 quae
614 1380 754 1421 taceo,
782 1372 931 1413 duravi
957 1386 1082 1426 saepe
1108 1371 1304 1413 ferendis.

365 1443 520 1483 quaere
546 1429 674 1469 alium
699 1444 775 1484 pro
800 1444 889 1477 me,
915 1429 986 1482 qui
1012 1436 1140 1482 queat
1164 1429 1244 1469 ista
1268 1429 1368 1483 pati.

307 1486 392 1526 iam
417 1501 512 1527 mea
537 1486 679 1527 votiva
703 1486 858 1541 puppis
884 1486 1078 1527 redimita
1103 1500 1256 1526 corona

239 1554 281 1585 30
363 1543 478 1584 lenta
502 1543 773 1584 tumescentis
800 1543 993 1596 aequoris
1020 1542 1138 1583 audit?
1162 1557 1306 1595 aquas.

307 1600 451 1642 desine
477 1599 703 1640 blanditias
730 1607 771 1641 et.
796 1600 925 1641 verba
950 1599 1137 1654 potentia
1162 1599 1376 1653 quondam

362 1657 557 1711 perdere:
583 1672 669 1697 non
695 1671 774 1711 ego
801 1672 893 1697 sum
920 1657 1091 1705 stultus,
1117 1663 1163 1696 ut
1189 1663 1284 1697 ante
1310 1655 1385 1695 fui.

304 1714 518 1754 luctantur
543 1722 775 1768 pectusque
800 1714 893 1755 leve
919 1713 962 1754 in
988 1713 1196 1754 contraria
1220 1713 1397 1754 tendunt

362 1771 442 1811 hac
467 1786 597 1819 amor,
623 1770 702 1812 hac
728 1771 885 1811 odium.
947 1771 1039 1820 sed,
1066 1777 1188 1825 puto,
1214 1770 1344 1810 vincit
1369 1784 1499 1810 amor.

238 1839 278 1869 35
305 1827 452 1876 odero,
480 1828 513 1868 si
538 1835 702 1882 potero:
729 1828 764 1868 si
788 1842 891 1876 non,
918 1828 1074 1868 invitus
1100 1827 1264 1868 amabo.

361 1899 439 1925 nec
464 1885 566 1939 iuga
590 1892 735 1925 taurus
762 1893 892 1925 amat:
920 1899 1028 1938 quae
1055 1892 1195 1925 tamen
1222 1884 1329 1932 odit,
1356 1883 1496 1924 habet.

304 1941 537 1994 nequitiam
562 1941 701 1995 fugio,
728 1942 961 1996 fugientem
986 1941 1123 1981 forma
1146 1941 1327 1982 reducit:

363 2012 533 2039 aversor
557 2013 722 2038 morum
749 1998 941 2045 crimina,
969 2012 1119 2052 corpus
1146 2011 1253 2038 amo.

306 2054 365 2095 sic
391 2068 469 2109 ego
495 2069 572 2096 nec
598 2055 685 2096 sinc
712 2062 751 2095 tc
777 2070 854 2095 nec
880 2063 1019 2095 tecum
1044 2055 1183 2095 vivere
1209 2068 1395 2108 possum,

237 2124 281 2154 40
364 2119 405 2152 et
430 2111 574 2152 videor
599 2112 686 2152 voti
711 2112 878 2152 nescius
904 2126 995 2152 esse
1021 2111 1116 2152 mei.

307 2175 379 2209 aut
405 2167 591 2210 formosa
616 2169 727 2210 fores
753 2169 910 2217 minus,
937 2175 1007 2209 aut
1034 2168 1172 2208 minus
1198 2167 1397 2222 inproba,
1423 2167 1596 2209 vellem:

362 2240 445 2265 non
472 2225 571 2266 facit
599 2226 650 2266 ad
677 2240 814 2266 mores
840 2234 926 2266 tam
951 2225 1063 2266 bona
1088 2225 1225 2265 forma
1249 2225 1395 2265 malos.

305 2281 420 2323 facta
444 2291 605 2324 merent
631 2283 794 2328 odium;
820 2282 948 2323 facies
976 2290 1118 2322 exorat
1146 2296 1349 2322 amorem:

364 2354 429 2380 nic
455 2339 677 2388 miserum,
703 2339 813 2380 vitiis
840 2340 935 2394 plus
961 2340 1073 2379 valet
1097 2339 1168 2379 illa
1194 2338 1297 2379 suis!

238 2408 280 2438 45
306 2410 452 2451 parce,
479 2411 555 2451 per
579 2412 603 2437 o
629 2397 725 2438 lecti
752 2396 922 2437 socialia
948 2396 1059 2444 iura,
1085 2410 1160 2450 per
1185 2395 1333 2443 omnis,

363 2453 435 2506 qui
461 2454 559 2493 dant
586 2454 793 2495 fallendos
820 2469 863 2494 sc
889 2453 963 2493 tibi
990 2468 1134 2507 saepe,
1162 2453 1276 2500 deos,

305 2524 465 2564 perque
491 2518 607 2551 tuam
633 2511 805 2559 faciem,
833 2510 975 2564 magni
1002 2510 1104 2550 mihi
1129 2509 1311 2550 numinis
1337 2509 1481 2557 instar,

362 2581 519 2620 perque
546 2576 639 2608 tuos
666 2568 828 2615 oeulos,
855 2567 927 2620 qui
952 2582 1130 2621 rapuere
1155 2581 1271 2607 meos
1296 2591 1352 2596 -—

306 2623 512 2677 quidquid
539 2625 638 2671 eris,
664 2640 758 2665 mea
784 2639 949 2679 semper
974 2623 1072 2664 eris!
1111 2631 1156 2664 tu
1182 2623 1312 2677 selige
1338 2629 1517 2671 tantum,

238 2693 281 2724 50
364 2695 430 2720 me
456 2694 624 2735 quoque
651 2682 756 2723 velle
783 2681 906 2727 velis,
933 2696 1040 2721 anne
1067 2688 1236 2721 coactus
1263 2695 1411 2721 ameni.

305 2735 432 2777 lintea
459 2737 554 2777 dein
581 2739 717 2793 potius
743 2738 965 2791 ventisque
992 2737 1224 2778 ferentibus
1249 2746 1356 2785 utar,

363 2801 427 2840 ut,
454 2795 645 2846 quamvis
672 2796 822 2843 nolim,
849 2809 990 2849 cogar,
1019 2809 1158 2835 amare
1184 2794 1323 2835 velim.
