1831 3168
373 203 428 246 56
829 215 1046 253 P.0V1D1
1071 216 1289 253 NASONIS

428 296 463 338 si
489 304 574 338 tam
600 310 796 339 securum
821 304 987 354 tempus
1014 298 1182 340 abibit
1171 313 1296 341 mers.

371 367 505 408 paene
531 353 616 394 suis
642 353 696 395 ad
722 361 762 396 te
788 355 983 396 manibus
1009 355 1180 397 deducit
1205 362 1435 400 amantem:

280 422 345 453 210
428 418 546 452 utere
571 411 810 452 mandantis
837 412 1104 467 simplicitate
1129 412 1220 453 viri.

370 466 493 507 sola
483 481 594 508 laces
619 467 749 509 viduo
775 475 861 510 tam
884 469 1013 524 longa
1036 475 1159 511 nocte
1185 469 1332 511 cubili:

426 524 468 564 in
494 523 658 565 viduo
647 539 764 567 laceo
791 525 904 567 solus
929 533 971 567 et
994 525 1085 581 ipse
1111 533 1214 567 toro.

368 587 408 621 te
435 580 537 621 mihi
562 595 713 636 meque
738 581 813 623 tibi
839 582 1081 624 communia
1103 583 1262 638 gaudia
1285 582 1482 639 iungant:

425 637 643 679 c·mdidi0r
667 639 806 680 medio
831 653 916 681 nox
941 639 1019 681 erit
1043 617 1130 681 illae
1141 640 1221 682 die.

277 705 341 737 215
367 700 468 736 tunc
493 709 573 750 ego
599 695 748 737 iurabo
773 696 948 750 quaevis
974 696 1049 737 tibi
1074 697 1249 738 numina
1273 711 1426 751 meque

422 751 683 817 adstringam
708 753 846 794 verbis
873 754 915 794 in
941 768 1060 795 sacra
1084 754 1177 795 iura
1202 754 1318 795 meis.

366 814 467 850 tunc
493 822 592 863 ego,
619 808 653 850 si
678 823 763 851 non
788 817 851 852 est
874 810 1005 851 fallax
1031 810 1186 851 fiducia
1208 818 1366 860 nostia,

423 865 605 907 efficiam
630 880 848 921 praesens,
874 873 922 908 ut
945 882 1041 909 mea
1065 882 1197 922 regna
1222 875 1354 922 petas.

367 921 402 962 si
427 922 560 977 pudet
584 929 624 964 et
649 923 822 988 metuis,
847 938 900 965 ne
925 938 993 965 me
1018 924 1188 965 videare
1214 932 1370 972 secuta,

275 990 340 1021 220
422 979 512 1033 ipse
538 994 633 1021 reus
659 979 749 1021 sine
775 987 815 1022 te
842 980 1025 1022 criminis
1050 980 1174 1021 huius
1201 994 1285 1021 ero.

364 1050 463 1076 nam
489 1050 643 1090 sequar
666 1036 860 1091 Aegidae
886 1037 1046 1079 factum
1072 1037 1335 1090 fratlumque
1362 1043 1552 1078 tuorum:

422 1093 615 1158 exemplo
641 1094 758 1148 tangi
784 1108 868 1134 non
893 1094 1109 1149 pr0p1i0re
1135 1101 1267 1148 potes.

364 1155 404 1190 te
430 1150 569 1204 lapuit
593 1150 805 1199 Theseus,
831 1150 971 1205 gemin
977 1166 1021 1191 as
1048 1149 1335 1205 Leucippidas
1360 1149 1440 1191 illi.

420 1213 595 1259 quartus
620 1207 664 1248 in
689 1207 892 1262 exemplis
918 1207 1228 1249 adnumerabm
1253 1221 1345 1262 ego.

272 1274 337 1304 225
364 1261 493 1304 Tro'ia
517 1263 661 1305 elassis
687 1264 826 1313 adest,
853 1264 979 1305 armis
1004 1264 1208 1305 instructa
1232 1263 1437 1328 vii-isque:

419 1319 503 1361 iam
529 1319 687 1362 facient
712 1321 867 1362 celeres
892 1336 1032 1363 remus
1059 1329 1100 1363 et
1125 1335 1228 1362 aura
1251 1320 1355 1362 vias.

361 1376 442 1418 ibis
468 1376 745 1419 Dardanias
734 1392 884 1432 mgens
910 1378 1056 1432 regina
1080 1392 1155 1432 per
1179 1377 1320 1426 urbes,

419 1440 545 1487 teque
569 1448 724 1475 novam
750 1434 891 1476 credet
916 1435 1070 1489 vulgus
1096 1435 1243 1475 adesse
1270 1434 1405 1475 deam.

361 1504 531 1544 quaque
557 1490 668 1532 feres
693 1506 884 1546 gressus,
911 1491 1142 1532 adolebunt
1167 1491 1363 1532 cinnama
1386 1491 1598 1542 flammae,

268 1558 334 1589 230
417 1561 623 1601 caesaque
648 1547 927 1603 sanguineam
951 1548 1122 1589 victima
1146 1548 1320 1603 planget
1344 1547 1535 1589 humum.

360 1603 470 1645 dena
495 1611 615 1659 pater
639 1604 874 1659 fratresque
900 1611 940 1646 et
967 1618 1062 1646 cum
1088 1605 1300 1659 genetrice
1326 1618 1490 1646 sorores

415 1661 662 1715 Iliadesque
688 1675 833 1703 omnes
858 1668 1032 1715 totaque
1055 1661 1185 1702 Troia
1209 1661 1339 1702 dabit.

360 1717 397 1759 ei
423 1717 544 1767 mihi,
570 1733 666 1773 pars
693 1733 717 1759 a
742 1734 808 1760 me
834 1718 905 1759 vix
931 1718 1082 1760 dicitur
1107 1718 1193 1760 ulla
1218 1717 1369 1759 futuri:

416 1775 539 1830 plura
563 1775 693 1824 feres,
719 1789 848 1829 quam
873 1789 982 1829 quae
1007 1775 1147 1816 littera
1171 1782 1315 1816 nostra
1338 1775 1480 1817 refert.

270 1843 333 1874 235
360 1846 438 1872 nee
464 1839 509 1872 tu
533 1839 655 1887 rapta
679 1832 799 1881 time,
825 1847 878 1873 ne
904 1846 979 1873 nos
1006 1832 1097 1874 fera
1121 1832 1232 1873 bella
1258 1839 1502 1885 sequantur,

418 1888 599 1930 concitet
625 1895 666 1929 et
692 1888 801 1930 vires
829 1887 1012 1930 Graecia
1038 1903 1194 1943 magna
1219 1903 1331 1930 suas.

359 1952 421 1986 tot
445 1945 560 2000 prius
587 1945 778 1986 abductis
805 1952 1004 1998 ecquaest
1028 1945 1205 2000 repetita
1230 1960 1306 2000 per
1331 1945 1471 1986 arma?

417 2002 540 2043 crede
566 2001 688 2051 mihi,
714 2016 845 2043 vanos
871 2017 936 2043 res
963 2001 1090 2043 habet
1114 2002 1194 2043 ista
1219 2009 1368 2043 metus.

358 2058 528 2100 nomine
554 2066 757 2113 ceperunt
782 2059 1008 2112 Aquilonis
1035 2058 1295 2100 Erechthida
1319 2058 1522 2109 Thraces,

266 2128 332 2158 240
415 2126 456 2156 et
481 2122 572 2157 tuta
598 2131 622 2156 a
647 2116 756 2157 bello
782 2116 969 2156 Bistonis
996 2130 1069 2156 oia
1093 2115 1185 2156 suit.

357 2172 545 2213 Phasida
569 2187 712 2228 puppe
737 2187 848 2213 nova
872 2173 988 2214 vexit
1012 2172 1232 2227 Pagaseus
1260 2172 1400 2221 Iason,

414 2229 529 2270 laesa
553 2244 691 2283 neque
718 2237 781 2271 est
807 2227 969 2271 Colcha
993 2229 1200 2271 Thessala
1225 2236 1335 2270 terra
1359 2245 1502 2270 manu.

357 2293 395 2327 te
422 2300 590 2340 quoque
615 2286 688 2340 qui
712 2286 1035 2341 lapuit‚1apuit
1059 2286 1253 2327 Minoida
1277 2286 1488 2327 Theseus:

413 2343 529 2384 nulla
554 2350 696 2385 tamen
721 2343 865 2384 Minos
892 2341 1041 2385 Cretas
1067 2343 1120 2383 ad
1146 2358 1263 2384 arma
1288 2350 1424 2385 vocat.

266 2412 331 2442 245
358 2407 490 2442 terror
515 2400 557 2441 in
583 2400 648 2441 his
673 2400 764 2455 ipso
789 2400 924 2442 maior
948 2400 1053 2441 solet
1079 2415 1170 2441 esse
1195 2399 1371 2455 periclo:

413 2471 581 2511 quaque
608 2457 755 2499 timere
779 2457 901 2507 libet,
928 2457 1193 2512 pertimuisse
1218 2457 1362 2512 pudet.

355 2513 467 2569 finge
493 2521 655 2564 tamen,
683 2514 717 2555 si
741 2514 824 2564 vis,
849 2514 1000 2570 ingens
1027 2528 1281 2569 consurgere
1308 2514 1486 2555 bellumt

413 2578 453 2612 ct
477 2570 579 2611 mihi
605 2578 700 2612 sunt
726 2571 854 2620 vires,
882 2579 923 2613 et
946 2586 1042 2612 mea
1066 2572 1150 2612 tela
1173 2578 1339 2612 nocent.

354 2641 432 2668 nec
458 2627 593 2668 minor
617 2635 679 2669 est
706 2628 835 2669 Asiae
860 2642 988 2682 quam
1014 2635 1178 2669 vestrae
1205 2628 1327 2683 copia
1351 2634 1506 2669 terrae:

265 2696 331 2727 250
414 2684 484 2724 illa
510 2683 608 2724 viris
635 2685 772 2734 dives,
799 2685 915 2726 dives
942 2685 1161 2725 habundat
1186 2685 1318 2738 equis.

355 2755 432 2782 nec
457 2740 552 2795 plus
579 2741 752 2782 Atrides
779 2741 907 2782 animi
931 2742 1156 2783 Menelaus
1183 2741 1369 2790 habebit,
