1831 3168
503 275 772 312 HEROIDUM
799 276 865 310 lx.
891 276 1059 311 30—117.

154 357 303 399 diceris
329 363 370 398 et
394 356 587 398 dominae
614 357 876 412 pertimuisse
902 357 1047 397 minas.

95 429 180 455 non
205 414 337 468 fugis,
365 413 535 462 Alcide,
560 414 773 454 victricem
799 414 910 454 mille
936 413 1127 454 laborum

154 470 348 511 rasilibus
374 470 547 511 calathis
572 470 805 524 inposuisse
832 485 1015 519 manuni,

94 541 320 581 crassaque
346 526 517 567 robusto
544 526 716 568 deducis
742 527 891 581 pollice
917 526 999 575 fila,

156 597 375 637 aequaque
401 583 609 624 formosae
635 597 765 637 pensa
791 583 983 637 rependis
1010 583 1131 624 erae?

97 639 142 681 al
179 640 391 694 quotiens,
418 639 558 694 digitis
584 639 684 679 dum
709 647 878 692 torques
905 639 1083 680 stamina
1109 639 1238 688 duris,

156 696 420 752 praevalidae
446 696 561 736 fusos
587 695 868 735 comminuere
894 710 1057 735 manus.

97 752 297 800 crederis,
322 751 487 799 infelix,
514 751 697 791 scuticae
723 750 993 792 tremefactus
1018 751 1193 792 habenis

156 816 252 850 ante
278 807 406 863 pedes
432 807 626 848 dominae
651 806 914 861 pertimuisse
939 807 1092 848 minas!

95 864 272 907 eximias
297 878 493 919 pompas,
518 863 703 904 inmania
728 863 888 904 semina
912 863 1098 912 laudum,

155 920 351 974 factaque
375 919 576 961 narrabas
602 919 904 960 dissimulanda
929 919 1021 960 tibi:

99 978 258 1019 scilicet
280 977 471 1018 inmanes
496 976 620 1018 elisos
644 976 838 1017 faucibus
863 976 1019 1031 hydros

153 1034 359 1075 infantem
383 1033 527 1075 caudis
551 1033 779 1074 involuisse
805 1048 995 1073 manum:

99 1098 145 1131 ut
169 1091 390 1145 Tegeaeus
417 1105 518 1145 aper
543 1089 820 1145 cupressifero
847 1088 1109 1144 Erymantho

156 1147 326 1188 incubet
352 1155 391 1188 et
416 1154 535 1187 vasto
560 1146 745 1201 pondere
770 1146 910 1187 laedat
934 1145 1129 1187 humum:

98 1218 183 1245 non
208 1203 284 1244 tibi
309 1203 515 1245 Threiciis
542 1203 681 1244 adfixa
705 1203 929 1258 penatibus
956 1217 1040 1252 ora,

156 1274 240 1301 non
265 1260 482 1301 hominum
507 1260 687 1314 pingues
713 1259 841 1301 caede
866 1267 1058 1301 tacentur
1082 1272 1236 1312 equae:

99 1316 422 1372 prodigiumque
447 1317 618 1371 triplex,
644 1316 821 1357 armenti
847 1316 963 1357 dives
989 1315 1141 1357 Hiberi

157 1371 398 1428 Geryones,
424 1373 616 1427 quamvis
641 1373 683 1413 in
709 1373 842 1414 tribus
867 1387 977 1414 unus
1003 1380 1110 1414 erat:

98 1430 226 1484 inque
252 1444 377 1472 canes
403 1430 575 1471 totidem
602 1438 749 1471 trunco
775 1430 963 1485 digestus
989 1429 1043 1470 ab
1068 1443 1153 1470 uno

158 1485 365 1529 Cerberos
389 1486 601 1542 implicitis
627 1501 766 1541 angue
791 1487 976 1527 minante
1002 1486 1151 1528 comis:

99 1557 292 1598 quaeque
317 1543 581 1585 redundabat
604 1543 787 1584 fecundo
813 1544 985 1584 vulnere
1012 1558 1181 1598 serpens

157 1600 304 1642 fertilis
330 1608 371 1641 et
396 1600 559 1640 damnis
585 1600 702 1641 dives
727 1600 781 1640 ab
806 1600 897 1654 ipsa
922 1600 1023 1647 suis,

99 1657 257 1711 quique
282 1656 390 1697 inter
414 1657 666 1710 laevumque
691 1657 801 1697 latus
825 1656 1079 1709 laevumque
1105 1655 1309 1697 lacertum

157 1727 387 1768 praegrave
413 1727 637 1767 conpressa
662 1712 784 1754 fauce
809 1712 1006 1767 pependit
1034 1726 1158 1753 onus:

99 1778 143 1810 et
168 1770 275 1811 male
301 1769 505 1811 confisum
531 1769 709 1823 pedibus
735 1769 955 1822 formaque
982 1768 1203 1810 bimembri

157 1826 327 1881 pulsum
352 1826 605 1866 Thessalicis
632 1840 784 1880 agmen
810 1834 1002 1880 equestre
1027 1825 1150 1880 iugis.

101 1883 206 1924 haec
231 1889 276 1923 tu
303 1881 478 1925 Sidonio
505 1890 623 1937 potes
650 1882 874 1937 insignitus
901 1882 1057 1922 amictu

159 1939 321 1981 dicere?
357 1953 441 1980 non
467 1940 582 1980 cultu
606 1939 753 1994 lingua
777 1947 939 1980 retenta
965 1938 1082 1980 silet?

102 2011 146 2038 se
171 2010 339 2050 quoque
364 1995 551 2051 nympha
575 1995 656 2037 tuis
683 1996 846 2036 ornavit
870 1995 1061 2036 Iardanis
1087 1995 1213 2036 armis

160 2062 200 2094 et
225 2053 318 2094 tulit
344 2068 366 2094 e
392 2062 516 2107 capto
541 2060 641 2093 nota
665 2060 838 2107 tropaea
862 2052 965 2093 viro.

103 2110 116 2150 i
141 2123 271 2158 nunc,
297 2109 395 2151 tolle
420 2109 582 2150 animos
607 2117 648 2150 et
672 2109 795 2150 fortia
820 2117 941 2164 gesta
966 2123 1160 2150 recense:

161 2166 275 2220 quod
300 2174 346 2207 tu
369 2180 454 2207 non
479 2180 592 2207 esses
617 2166 725 2213 iure,
752 2166 827 2215 vir,
853 2166 923 2206 illa
949 2165 1042 2206 fuit.

101 2238 188 2277 qua
211 2231 328 2264 tanto
353 2223 489 2263 minor
513 2237 575 2271 es,
602 2230 758 2277 quanto
785 2230 844 2271 te,
869 2222 1051 2264 maxime
1078 2237 1231 2270 rerum,

162 2294 289 2334 quam
315 2293 421 2333 quos
447 2279 602 2329 vicisti,
629 2280 796 2321 vincere
821 2279 955 2319 maius
982 2287 1082 2320 erat.

58 2341 60 2343 ’
105 2336 163 2376 illi
188 2336 378 2391 procedit
401 2351 541 2378 rerum
565 2351 763 2377 mensura
788 2344 974 2376 tuarum:

164 2392 265 2433 cede
290 2392 431 2442 bonis3
458 2392 578 2433 heres
602 2393 737 2433 laudis
764 2392 899 2433 amica
924 2400 1033 2432 tuae.

107 2463 132 2489 o
157 2448 310 2503 pudor!
348 2448 497 2489 hirsuti
521 2456 657 2489 costas
684 2457 810 2489 exuta
834 2448 965 2489 leonis

165 2519 313 2559 aspera
338 2512 531 2546 texerunt
556 2505 712 2545 vellera
737 2505 861 2545 molle
886 2504 1008 2545 latus.

109 2561 264 2603 falleris
289 2568 328 2602 et
354 2561 504 2602 nescis.
563 2575 647 2601 non
673 2569 768 2601 sunt
795 2560 928 2615 spolia
952 2560 1023 2600 illa
1048 2559 1194 2609 leonis,

167 2618 240 2659 sed
266 2626 357 2666 tua,
383 2625 512 2671 tuque
537 2617 615 2658 feri
640 2617 772 2658 victor
796 2632 860 2665 es,
885 2617 955 2657 illa
980 2616 1053 2657 tui.

110 2675 267 2716 femina
291 2675 375 2715 tela
398 2674 494 2715 tulit
518 2673 721 2715 Lernaeis
748 2681 838 2714 atra
863 2673 1048 2722 venenis,

167 2731 276 2773 ferre
301 2746 473 2787 gravem
499 2730 596 2772 lana
619 2731 691 2771 vix
717 2730 816 2772 satis
842 2737 940 2785 apta
965 2729 1117 2777 colum,

108 2787 388 2842 instruxitque
413 2802 585 2828 manum
611 2788 730 2829 clava
755 2786 971 2828 domitrice
998 2786 1196 2835 ferarum,

1405 265 1459 308 31

1487 425 1528 457 75

1489 707 1533 738 80

1490 988 1532 1019 85

1493 1270 1535 1302 90

1494 1554 1536 1585 95

1498 1838 1562 1869 100

1500 2123 1562 2153 105

1503 2403 1567 2434 110

1504 2684 1565 2716 115
