1831 3168
353 247 410 289 24
832 254 876 288 Ρ.
903 252 1048 289 OV1D1
1074 250 1291 287 NASONIS

411 338 563 380 occidit
589 352 613 378 a
638 336 742 377 duro
768 335 857 376 sola
881 334 1026 376 relicta
1050 334 1152 374 viro.

354 396 458 437 haee
483 393 585 435 mihi
610 407 816 434 narraras.
878 398 919 432 at
944 405 1011 432 me
1037 404 1207 432 movere
1233 397 1476 433 merentem.

411 452 508 493 inde
534 450 670 491 minor
695 449 844 503 culpae
869 461 1007 503 poena
1031 446 1176 488 futura
1200 462 1296 489 mea
1320 455 1395 489 est.

285 523 326 553 85
354 524 431 551 1100
457 507 558 548 mihi
584 520 700 548 mens
727 504 856 546 dubia
882 511 963 553 est,
989 504 1091 558 quin
1117 510 1158 546 te
1183 511 1255 545 tua
1278 504 1452 546 numina
1477 503 1692 545 damnent:

410 580 484 620 per
509 577 643 612 mare,
670 577 746 617 per
771 570 901 603 terras
928 561 1107 626 septima
1131 561 1259 603 iactat
1283 560 1460 616 hiemps.

352 622 550 663 fluctibus
576 620 757 662 eiectum
784 627 874 660 tuta
898 619 1077 660 statione
1102 618 1242 673 recepi

411 679 565 732 vixque
591 677 699 718 bene
725 675 869 717 audito
894 675 1064 717 nomine
1089 690 1221 731 regna
1247 674 1357 716 dedi.

353 736 416 777 his
443 743 584 776 tamen
610 733 760 774 officiis
786 732 947 773 utinam
973 739 1170 774 contenta
1194 732 1381 782 fuissem,

286 805 329 835 90
412 800 452 834 et
477 791 579 832 mihi
604 790 852 832 concubitus
878 789 993 830 fama
1019 789 1182 844 sepulta
1206 788 1335 830 foret!

354 850 425 890 illa
451 849 539 890 dies
564 847 728 896 nocuit,
755 861 839 900 qua
864 861 941 887 nos
967 846 1129 888 declive
1155 846 1234 887 sub
1259 853 1427 886 antrum

412 905 631 947 caeruleus
657 903 806 945 subitis
832 903 1033 958 compulit
1058 903 1193 945 imber
1218 902 1352 956 aquis.

355 963 572 1004 audieram
597 975 762 1003 vocem:
789 960 998 1015 nymphas
1024 960 1208 1001 ululasse
1233 959 1398 1015 putavi:

412 1018 671 1060 Eumenides
697 1017 794 1058 fatis
821 1017 941 1072 signa
967 1016 1119 1058 dedere
1145 1016 1267 1058 meis!

289 1089 329 1119 95
356 1077 497 1127 exio-,e
523 1076 636 1117 laese
661 1075 816 1130 pudor,
842 1088 1018 1128 poenas,
1045 1073 1305 1127 umbraeque
1333 1071 1531 1127 Sychaei,

413 1133 466 1174 ad
492 1147 597 1186 quas
623 1130 710 1184 (me
735 1130 971 1185 miseraml)
997 1131 1121 1186 plena
1146 1130 1319 1185 pudoris
1345 1143 1409 1171 eo.

356 1198 418 1232 est
443 1189 544 1230 mihi
570 1203 805 1230 marmorea
831 1196 1017 1230 saclatus
1042 1187 1085 1228 in
1111 1187 1213 1229 aede
1241 1186 1480 1242 Sychaeus:

414 1246 631 1302 appositae
656 1245 826 1286 frondes
852 1245 1092 1299 velleraque
1118 1244 1214 1286 alba
1239 1250 1401 1299 teffunt.

357 1304 454 1345 hinc
480 1317 559 1358 ego
586 1318 652 1344 me
679 1302 790 1344 sensi
815 1309 914 1342 noto
941 1310 1089 1355 quater
1115 1316 1184 1343 ore
1211 1300 1348 1342 citari:

268 1373 332 1404 100
413 1361 503 1415 ipse
529 1374 631 1401 sono
657 1359 771 1401 tenui
798 1359 903 1400 dixit
929 1357 1270 1407 6Ε1155ξι,1·0111ῐ’

357 1418 472 1459 nulla
498 1431 618 1458 mora
643 1423 724 1465 est,
750 1416 887 1457 venio.
949 1416 1070 1457 venio
1096 1415 1172 1456 tibi
1198 1415 1340 1456 debita
1366 1413 1564 1456 coniunx.

415 1489 508 1515 sum
534 1481 673 1515 tamen
699 1473 871 1514 admissi
896 1472 1015 1513 tarda
1040 1472 1201 1526 pudoie
1226 1471 1321 1513 11101.

359 1531 412 1572 da
437 1531 604 1572 veniam
630 1530 798 1584 culpae:
825 1529 991 1584 decepit
1015 1529 1192 1570 idoneus
1220 1537 1384 1578 auctor;

414 1587 617 1629 invidiam
642 1601 778 1628 noxae
804 1586 985 1627 detrahit
1009 1586 1078 1627 ille
1104 1601 1236 1627 meae.

269 1658 331 1688 105
358 1645 456 1686 diva
480 1659 632 1699 parens
659 1643 881 1696 senioique
907 1650 1039 1707 pater,
1064 1643 1134 1697 pia
1159 1642 1324 1683 salcina
1347 1642 1449 1691 nati,

415 1717 531 1756 spem
558 1700 662 1741 mihi
686 1699 873 1740 mansuri
898 1699 974 1740 rite
1001 1699 1155 1741 dedere
1181 1699 1271 1740 viri.

358 1759 393 1800 si
417 1758 497 1799 fuit
522 1757 767 1806 emandum,
794 1771 943 1798 causas
969 1756 1097 1798 habet
1122 1771 1237 1798 error
1261 1755 1472 1798 honestas.

416 1815 522 1856 adde
548 1814 694 1856 fidem:
719 1813 836 1854 nulla
860 1820 978 1868 palte
1004 1813 1214 1868 pigendus
1240 1813 1329 1854 erit.

359 1872 479 1912 durat
505 1871 548 1912 in
574 1878 827 1919 extremum,
855 1870 1051 1923 vitaeque
1075 1869 1304 1911 novissima
1328 1876 1496 1911 nostrae

271 1942 334 1972 110
416 1928 683 1983 prosequitur
707 1926 802 1975 fati,
829 1926 901 1980 qui
927 1926 1007 1967 suit
1032 1935 1147 1975 ante,
1174 1934 1306 1967 tenor.

359 1985 510 2027 occidit
536 1985 721 2025 internas
747 1983 929 2024 coniunx
954 1991 1163 2024 mactatus
1189 1983 1242 2023 ad
1268 1998 1375 2032 aras,

417 2049 457 2083 et
483 2041 649 2082 sceleris
675 2039 779 2081 tanti
803 2039 991 2094 praemia
1016 2040 1145 2081 frater
1170 2039 1310 2081 habet.

361 2099 480 2141 exsul
505 2112 608 2153 agor
633 2097 875 2151 cineresque
901 2097 978 2137 viri
1004 2097 1267 2152 patriamque
1292 2096 1483 2150 relinquo

418 2163 458 2197 et
484 2155 597 2196 feror
621 2154 664 2195 in
689 2154 815 2194 duras
840 2153 959 2194 hoste
986 2161 1186 2207 sequente
1212 2153 1319 2194 vias:

271 2226 334 2256 115
361 2212 548 2267 adplicor
572 2211 747 2265 ignotis,
773 2210 975 2264 fratrique
1002 2211 1144 2265 elapsa
1169 2210 1374 2264 fretoque,

417 2268 531 2323 quod
556 2268 632 2309 tibi
657 2267 829 2317 donavi,
855 2267 1031 2322 perfide,
1057 2267 1156 2308 litus
1183 2282 1289 2308 emo.

361 2326 508 2367 urbem
533 2325 750 2373 constitui,
775 2324 942 2378 lateque
968 2324 1155 2379 patentia
1178 2324 1251 2365 fixi

418 2381 583 2424 moenia
607 2381 793 2422 finitimis
819 2381 1026 2423 invidiosa
1049 2381 1165 2423 10015.

360 2440 471 2481 bella
496 2446 670 2480 tument.
731 2438 851 2480 bellis
876 2438 1099 2494 peregrina
1124 2448 1165 2480 et
1189 2438 1347 2480 femina
1371 2445 1553 2494 temptor

272 2510 335 2540 120
418 2497 572 2550 vixque
597 2495 712 2537 rudis
737 2503 879 2551 portas
905 2495 1021 2536 urbis
1047 2503 1087 2537 et
1113 2511 1229 2537 arma
1253 2510 1369 2551 paro.

361 2554 472 2594 mille
498 2552 635 2608 procis
661 2552 819 2608 placui,
845 2552 918 2606 qui
942 2567 1010 2594 me
1036 2553 1172 2595 coiere
1200 2560 1422 2617 querentes

418 2609 557 2650 neseio
584 2624 711 2662 quem
735 2607 930 2650 thalamis
955 2610 1250 2665 praeposuisse
1277 2609 1375 2651 suis.

363 2666 465 2720 quid
489 2665 656 2707 dubitas
683 2667 837 2707 xictam
865 2665 1049 2708 Gaetulo
1076 2667 1239 2708 tradere
1266 2665 1444 2707 Iarbae?

420 2722 684 2777 praebuerim
710 2723 856 2764 sceleri
881 2723 1079 2765 bracchia
1104 2733 1246 2764 nostra
1271 2731 1356 2764 tuo.

274 2792 336 2824 125
364 2789 424 2821 est
451 2779 575 2821 etiam
601 2779 742 2829 frater,
770 2780 889 2821 0111115
916 2795 1065 2822 111ξ111115
1091 2780 1218 2836 impia
1244 2779 1377 2835 possit
