1831 3168
309 232 391 274 140
758 241 802 275 P.
830 240 975 276 OVIDI
999 239 1215 277 NASONIS

361 337 466 377 quas
491 338 616 378 maga
642 321 813 363 terribili
839 321 1034 363 subsecat
1059 329 1146 364 arte
1171 338 1333 365 manus.

306 395 382 421 nec
408 393 482 420 vos
506 378 789 434 graminibus,
815 392 894 420 nec
918 378 1049 419 mixto
1075 379 1231 421 credite
1257 394 1370 429 suco,

362 450 439 477 nec
464 442 663 490 temptate
688 450 842 477 nocens
869 435 982 476 virus
1008 436 1184 477 amantis
1210 450 1355 490 equae.

304 506 381 533 nee
406 491 568 533 mediae
593 491 749 533 Marsis
775 491 990 532 finduntur
1015 492 1204 533 cantibus
1231 507 1404 548 angueS‚

236 562 279 592 40
361 562 438 589 nec
463 548 568 589 redit
595 548 636 589 in
662 548 797 590 fontes
822 548 937 589 unda
962 548 1110 603 supina
1135 563 1246 590 suos,

305 612 343 645 ct
369 605 560 658 quamvis
586 605 736 659 aliquis
762 605 984 646 Temese‘i'a
1007 606 1183 646 moverit
1211 620 1320 655 aera,

359 675 591 714 numquam
617 661 745 703 Luna
771 662 854 703 suis
882 661 1117 703 excutimur
1141 662 1273 716 equis.

304 718 436 772 prima
463 718 516 758 sit
539 718 581 758 in
608 718 727 759 vobis
752 733 916 759 morum
942 718 1091 768 tutela,
1117 719 1296 773 puellae.

360 774 528 828 ingenio
554 775 683 816 facies
709 775 956 816 conciliante
981 775 1132 830 placet.

234 845 278 874 45
304 838 438 872 certus
464 845 580 871 amor
605 845 768 872 morum
795 839 869 873 est.
930 831 1108 873 formam
1134 831 1405 887 populabitur
1429 838 1557 882 aetas,

362 895 401 928 et
426 887 604 942 placitus
630 888 746 943 rugis
770 889 907 929 vultus
933 895 1073 929 aratus
1099 889 1187 930 erit.

303 952 467 998 tempus
492 944 589 993 erit,
615 959 697 998 quo
723 959 798 986 vos
825 945 1042 1000 speculum
1068 945 1223 986 vidisse
1248 944 1421 1000 pigebit,

360 1010 397 1042 et
425 1001 563 1042 veniet
588 1002 705 1056 rugis
732 1002 862 1043 altera
888 1016 1015 1043 causa
1040 1001 1170 1042 dolor.

303 1057 455 1098 sufficit
482 1065 522 1098 et
546 1058 719 1113 longum
745 1058 932 1114 probitas
958 1058 1159 1113 perdurat
1181 1058 1224 1099 in
1250 1073 1414 1107 aevum,

234 1127 277 1156 50
358 1128 515 1168 perque
541 1129 638 1155 suos
664 1130 794 1156 annos
820 1115 916 1156 hinc
942 1115 1048 1156 bene
1073 1115 1226 1170 pendet
1252 1129 1380 1156 amor.
1406 1138 1462 1144 —-

303 1170 468 1219 discite,
495 1185 592 1211 cum
617 1178 781 1213 teneros
808 1186 977 1212 somnus
1005 1172 1205 1212 dimiserit
1231 1179 1358 1222 artus,

359 1227 538 1268 candida
563 1241 645 1281 quo
670 1228 832 1282 possint
857 1242 928 1268 ora
953 1228 1084 1269 nitere
1109 1228 1247 1269 modo.

302 1283 477 1332 hordea,
503 1298 611 1336 quae
636 1284 790 1339 Libyci
815 1285 974 1325 ratibus
1000 1284 1148 1325 misere
1175 1284 1323 1334 coloni,

359 1355 466 1381 exue
492 1340 543 1381 de
570 1341 691 1395 palea
716 1341 1055 1395 tegminibusque
1081 1341 1180 1381 suis.

234 1411 276 1440 55
302 1411 379 1452 par
403 1396 490 1438 ervi
515 1412 711 1438 mensura
737 1397 882 1439 decem
907 1398 1105 1438 madefiat
1130 1397 1183 1438 ab
1209 1397 1316 1438 ovis:

360 1454 433 1494 sed
459 1453 671 1495 cumulent
697 1454 824 1495 libras
850 1454 1007 1494 hordea
1031 1453 1145 1494 nuda
1171 1453 1288 1494 duas.

302 1509 406 1550 haec
431 1510 504 1550 ubi
529 1518 725 1551 ventosas
751 1510 907 1551 fuerint
931 1510 1085 1551 siccata
1111 1524 1186 1564 per
1210 1525 1346 1559 auras,

357 1566 470 1608 lenta
493 1566 591 1607 iube
617 1566 765 1608 scabra
790 1567 955 1621 frangat
982 1567 1111 1607 asella
1134 1567 1264 1607 mola:

302 1630 341 1664 ct
368 1637 475 1676 quae
501 1623 637 1678 prima
662 1623 818 1664 eadunt
843 1623 978 1664 vivaci
1005 1637 1162 1664 cornua
1187 1637 1324 1672 cervo,

235 1693 278 1723 60
362 1687 542 1721 contere.
602 1680 646 1720 in
672 1679 775 1721 haec
801 1680 921 1721 solidi
946 1687 1065 1720 sexta
1089 1679 1180 1721 face
1207 1680 1308 1720 assis
1335 1687 1414 1720 eat.

301 1736 468 1790 iamque
493 1736 567 1776 ubi
592 1736 692 1791 puh
696 1751 814 1778 ereae
840 1736 995 1778 fuerint
1021 1736 1196 1777 confusa
1221 1736 1394 1785 fwuinae,

358 1793 546 1846 protinus
571 1793 613 1833 in
639 1794 817 1834 eumeiis
843 1793 983 1834 omnia
1008 1807 1130 1834 cerne
1156 1793 1282 1834 cavis.

302 1849 419 1890 adice
444 1849 617 1890 narcissi
643 1850 706 1890 bis
733 1865 805 1890 sex
831 1850 918 1891 sine
945 1849 1097 1891 cortice
1123 1849 1287 1898 bulbos,

358 1913 527 1946 strenua
553 1920 657 1959 qnos
683 1921 788 1960 puro
814 1920 1022 1947 marmore
1048 1906 1195 1946 dextra
1219 1913 1338 1947 terat.

233 1976 275 2005 67>
303 1968 621 2014 Sextantemque
647 1962 784 2003 trahat
809 1962 969 2016 gummi
996 1976 1091 2002 cum
1118 1962 1276 2003 semine
1302 1962 1456 2002 Tusco.

357 2018 439 2059 huc
464 2019 608 2059 novies
634 2026 748 2059 tanto
773 2019 867 2073 plus
894 2018 967 2058 tibi
992 2018 1126 2058 mellis
1152 2026 1230 2059 cat.

301 2088 592 2128 quaecumque
619 2074 773 2116 afficiet
799 2075 871 2116 tali
899 2075 1172 2116 medicamine
1197 2074 1371 2123 vultum,

357 2131 534 2185 fulgebit
562 2131 732 2185 speculo
758 2132 888 2172 levior
912 2131 1003 2185 ipsa
1029 2145 1117 2171 suo.

302 2201 377 2228 nec
403 2195 446 2227 tu
471 2187 674 2242 pallentes
701 2187 847 2228 dubita
872 2196 1027 2229 torrere
1052 2187 1231 2242 lupinos,

235 2259 275 2288 τι)
359 2252 396 2284 et
423 2244 546 2284 simul
570 2244 762 2285 inflantes
788 2258 962 2299 corpora
987 2244 1094 2299 frige
1119 2244 1253 2284 fabas.

300 2308 477 2354 utraque
503 2315 575 2342 sex
602 2300 785 2342 habeant
810 2315 944 2355 aequo
970 2300 1208 2341 discrimine
1235 2300 1377 2350 libras,

356 2365 532 2410 utraque
559 2357 612 2397 da
636 2357 766 2412 nigris
792 2357 1114 2398 comminuenda
1137 2356 1271 2397 molis.

300 2427 376 2453 nec
402 2428 570 2454 cerussa
595 2414 688 2462 tibi,
714 2428 791 2455 nee
815 2415 913 2455 nitii
939 2429 1088 2478 spuma
1112 2413 1300 2454 rubentis

359 2470 462 2510 desit
490 2478 529 2511 et
555 2471 697 2524 aprica
722 2485 830 2524 quae
855 2471 967 2512 xenit
993 2470 1063 2510 iris
1089 2470 1231 2511 humo.

235 2539 274 2568 ῖς»
302 2525 354 2565 da
379 2527 563 2567 validis
553 2542 624 2567 1uv
628 2542 752 2568 enum
778 2528 934 2582 pariter
958 2527 1193 2581 subigenda
1215 2526 1400 2567 lacertis:

358 2582 431 2622 sed
455 2583 611 2623 iustum
636 2583 742 2624 tritis
767 2584 891 2625 uncia
915 2583 1080 2638 pondus
1106 2583 1195 2624 erit.

302 2639 443 2679 addita
468 2639 520 2680 de
545 2640 720 2693 querulo
746 2641 962 2681 xolucrum
988 2639 1266 2681 medicamina
1291 2638 1389 2678 nido

357 2709 426 2735 ore
452 2695 602 2749 fugant
626 2697 831 2745 maculis
858 2697 1060 2751 alcyonea
1084 2702 1248 2737 vocant.

302 2751 506 2805 pondere,
533 2752 567 2792 si
592 2752 777 2805 quaeris,
803 2767 886 2806 quo
913 2753 990 2794 sim
1016 2759 1236 2794 contentus
1259 2751 1303 2792 in
1328 2750 1428 2791 illis:
