1831 3168
427 234 581 271 ARTlS
606 235 911 271 AMATORIAE
937 236 1032 270 LIB.
1061 236 1108 270 11.
1137 236 1329 271 622—709.
1483 229 1564 270 175

248 326 435 373 tempus,
463 324 503 359 et
529 317 718 359 albentes
744 317 826 358 iam
853 318 956 372 legit
983 318 1053 358 illa
1079 332 1233 360 comas.

191 376 324 424 utilis,
351 390 374 415 o
402 375 596 423 iuvenes,
623 382 696 415 aut
721 374 825 416 haec
850 383 920 416 aut
948 375 1078 416 serior
1103 385 1236 416 aetas:

249 433 327 473 iste
353 431 460 473 feret
485 439 668 485 segetes,
695 430 772 473 iste
798 432 999 473 serendus
1027 447 1139 486 ager.

189 489 292 529 dum
318 488 426 530 vires
453 488 635 541 annique
660 488 822 537 sinunt,
850 489 1023 530 tolerate
1048 489 1233 530 labores:

248 546 331 586 iam
358 545 498 586 veniet
524 545 649 586 tacito
676 560 805 586 curva
830 553 998 587 senecta
1023 545 1143 599 pede.

190 610 263 643 aut
288 618 403 643 mare
430 602 615 656 remigiis
641 610 714 643 aut
739 617 906 643 vomere
932 602 1077 643 findite
1104 612 1233 644 terras·

249 668 319 700 aut
346 659 437 700 fera
463 658 687 713 belligeras
714 659 854 700 addite
880 659 923 700 in
949 674 1065 699 arma
1091 674 1255 707 manus,

191 724 264 757 uit
288 716 399 757 latus
426 724 465 756 et
492 716 601 758 vires
628 730 884 770 operamque
910 715 1070 756 adferte
1095 715 1265 770 puellis:

249 773 328 814 hoc
354 786 522 826 quoque
549 772 696 814 militia
721 780 802 821 est,
829 772 908 813 hoc
934 786 1103 825 quoque
1130 773 1292 825 quaerit
1318 788 1432 828 opes.

189 830 322 878 ulde,
350 830 464 883 quod
491 836 553 871 est
577 829 657 870 illis
683 843 857 884 operum
882 828 1105 884 prudentii
1130 829 1276 878 maior,

249 861 362 928 soliis
388 886 650 935 et‚a1tifices
676 886 749 940 qui
774 886 893 934 facit,
919 901 1020 927 usus
1046 885 1177 926 adest.

189 943 284 985 illae
309 943 525 984 munditiis
550 957 756 984 annorum
782 943 936 984 damna
960 941 1210 996 rependunt,

247 1008 287 1042 et
312 1000 472 1041 faciunt
499 1015 619 1049 cura,
644 1014 697 1041 ne
722 999 943 1041 videantur
967 1014 1085 1040 anus.

190 1066 320 1110 utque
346 1057 468 1105 velis,
495 1057 707 1099 Venerem
732 1056 912 1111 iungunt
937 1071 1011 1111 per
1035 1055 1148 1098 mille
1174 1055 1351 1111 figuras:

247 1114 406 1155 invenit
431 1114 571 1168 plures
597 1113 713 1154 nulla
738 1113 891 1154 tabella
917 1113 1076 1154 modos.

188 1171 269 1212 illis
296 1171 473 1212 sentitur
498 1185 581 1211 non
605 1170 773 1211 inritata
798 1170 1006 1225 voluptas.
1033 1194 1088 1198 —

247 1227 395 1281 quod
385 1234 519 1275 iuvet,
546 1242 598 1268 ex
624 1241 759 1280 aequo
785 1226 943 1268 femina
968 1228 1114 1280 virque
1140 1225 1291 1268 ferant.

188 1284 259 1325 odi
284 1284 552 1333 concubitus,
577 1283 649 1337 qui
674 1298 759 1324 non
784 1291 1011 1338 utrumque
1037 1284 1174 1325 resolx
1178 1292 1267 1325 unt

246 1341 325 1382 hoc
351 1348 432 1390 est,
459 1356 532 1382 cur
557 1340 677 1395 pueri
701 1348 853 1395 tangar
878 1356 1019 1383 amore
1044 1341 1196 1382 minus.

187 1398 258 1439 odi
284 1412 392 1451 quae
417 1397 610 1453 praebet,
637 1398 736 1452 quia
761 1398 814 1439 sit
839 1398 1042 1453 praebere
1067 1412 1252 1446 11606556,

246 1455 441 1508 siccaque
467 1455 518 1496 de
543 1455 640 1496 lana
666 1455 824 1509 cogitat
849 1455 941 1510 ipsa
967 1471 1056 1497 sua.

191 1525 301 1565 quae
327 1511 452 1552 datur
476 1511 634 1560 officio,
659 1526 745 1553 non
770 1520 832 1554 est
858 1512 959 1553 mihi
984 1520 1106 1567 grata
1130 1513 1344 1567 voluptas:

247 1567 435 1609 officium
460 1568 588 1609 faciat
612 1568 728 1609 nulla
752 1570 893 1624 puella
919 1569 1034 1610 mihi.

190 1640 256 1667 me
282 1639 406 1666 voces
433 1625 612 1666 audire
603 1640 674 1666 1uv
679 1633 720 1666 at
746 1640 822 1666 sua
846 1626 1004 1681 gaudia
1028 1625 1182 1667 fassas:

247 1690 393 1735 atque,
419 1696 568 1730 morer,
594 1697 730 1723 meme
758 1683 1092 1737 sustineamque,
1119 1690 1251 1737 roget.

191 1738 395 1792 ispiciam
446 1738 640 1780 dominae
666 1738 799 1780 vietos
826 1740 1001 1781 amentis
1029 1740 1200 1781 0661105;

246 1796 465 1850 langueat,
492 1805 530 1836 et
558 1796 674 1850 tangi
700 1811 744 1837 se
770 1804 882 1838 v.etet
906 1797 977 1838 illa
1003 1797 1087 1838 diu.

188 1852 293 1894 haee
320 1853 430 1893 bona
453 1867 537 1893 non
562 1852 722 1907 primae
747 1853 893 1894 tribuit
918 1862 1067 1894 natura
1092 1853 1301 1903 iuventae,

245 1923 354 1962 quae
380 1909 460 1950 cito
486 1919 580 1964 post
605 1918 767 1964 septem
791 1910 922 1951 lustra
947 1911 1088 1952 venire
1114 1911 1262 1952 solent.

186 1967 260 2020 qui
284 1974 528 2020 properant,
554 1980 664 2007 nova
688 1974 828 2008 musta
853 1967 1017 2008 bibant:
1044 1967 1147 2008 mihi
1171 1967 1323 2009 fundat
1348 1967 1507 2009 avitum

245 2023 489 2064 consulibus
514 2022 662 2078 priscis
690 2023 859 2065 condita
883 2032 992 2066 testa
1015 2039 1192 2066 merum.

187 2094 265 2121 nec
290 2080 504 2134 platanus,
530 2079 609 2121 nisi
635 2095 747 2130 sera,
773 2088 911 2136 potest
936 2081 1139 2123 obsistere
1164 2081 1356 2131 Phoebo,

246 2144 287 2178 et
310 2136 483 2177 laedunt
508 2136 643 2178 nudos
668 2145 789 2191 prata
813 2138 980 2180 novella
1004 2139 1147 2193 pedes.

188 2193 346 2234 scilicet
371 2193 632 2234 Hermionen
658 2193 850 2235 Helenae
876 2210 1134 2249 praeponere
1159 2195 1332 2249 posses?

246 2256 285 2290 et
311 2249 458 2290 melior
484 2248 629 2304 Gorge
655 2264 783 2303 quam
809 2266 885 2291 sua
909 2260 1043 2292 mater
1069 2252 1181 2293 erat?

188 2313 231 2346 ·1t
255 2305 466 2347 Venerem
491 2305 748 2359 quicumque
774 2307 888 2348 voles
915 2308 1133 2362 adtingere
1160 2322 1310 2357 seram,

246 2361 280 2403 si
304 2362 428 2402 modo
456 2362 638 2411 duraris,
663 2364 850 2417 praemia
875 2363 1004 2418 digna
1029 2364 1152 2406 feres.
1178 2388 1236 2394 —

187 2418 379 2460 conscius
406 2433 501 2459 6006
527 2418 633 2460 duos
660 2420 821 2473 accepit
845 2420 977 2461 lectus
1004 2428 1212 2462 amantes:

246 2474 299 2515 ad
324 2474 495 2515 thalami
523 2475 706 2523 elausa‚s
733 2475 881 2524 Musa,
908 2477 1054 2518 resiste
1079 2476 1202 2518 fores.

188 2539 335 2586 sponte
361 2546 437 2572 sua
462 2531 551 2596 sinte
576 2540 616 2573 te
642 2507 913 2574 celeberrinia
938 2533 1067 2575 xerba
1091 2534 1329 2588 loquentur,

244 2602 322 2629 nec
347 2602 496 2628 manus
522 2587 565 2628 in
589 2588 696 2629 lecto
722 2589 843 2630 laeva
867 2590 1053 2631 iacebit
1043 2606 1167 2632 mers.

187 2644 401 2686 invenient
426 2644 563 2699 digiti,
589 2645 703 2698 quod
729 2654 857 2701 agant
881 2646 923 2687 in
949 2647 1138 2700 partibus
1163 2647 1258 2696 illis,

243 2701 285 2741 in
310 2701 464 2755 quibus
469 2676 650 2743 t’occulte
676 2702 837 2757 spicula
861 2702 986 2758 tingit
1009 2704 1158 2745 Amor.

187 2757 320 2799 f‘ecit
310 2773 353 2799 m
379 2757 678 2800 Andromache
703 2759 819 2815 prius
844 2737 949 2802 hoca:
949 2759 1200 2803 fortissimus
1227 2761 1402 2811 Hector,

1590 562 1656 592 670

1591 846 1655 875 Gr.)

1590 1129 1655 1159 650

1589 1698 1653 1729 (590

1586 1982 1648 2012 695

1586 2267 1601 2295 7
1608 2268 1650 2296 ΘΟ
