1831 3168
390 278 613 316 AMORUM
636 277 732 313 LIB.
760 276 789 312 Ι.
816 276 882 321 VI,
907 274 1084 320 31-V11‚
1109 274 1164 310 42.

729 406 831 447 VH.

96 475 221 517 Adde
246 489 397 516 manus
422 474 464 515 in
489 474 628 516 vincla
651 488 781 521 meas,
806 497 862 502 —
886 487 1075 514 meruere
1101 479 1270 513 catenas
1294 493 1351 500 —-

154 532 253 573 dum
280 532 396 572 furor
421 531 556 572 omnis
582 531 688 579 abit,
715 530 845 584 siquis
871 529 1029 570 amicus
1056 528 1166 570 ades.

96 604 193 629 nam
218 589 335 629 furor
359 589 400 628 in
427 588 638 629 dominam
667 586 889 629 temeraria
915 585 1112 627 bracchia
1136 584 1280 626 movit.

152 646 222 687 flet
249 661 344 686 mea
370 660 552 686 vaesana
575 645 690 686 laesa
714 644 854 699 puella
878 658 1019 683 manu.

96 710 195 743 tunc
221 717 300 757 ego
326 703 391 742 vel
418 716 537 742 caros
562 701 680 756 potui
707 701 861 742 violare
886 708 1095 754 parentes,

153 774 279 801 saeva
304 759 370 800 vel
395 758 438 798 in
464 768 630 798 sanctos
657 757 833 797 verbera
857 755 966 796 ferre
992 756 1106 797 deos.

95 815 216 870 quid,
242 829 326 856 non
352 821 391 856 et
417 813 540 868 clipei
565 812 760 853 dominus
786 811 1070 866 septemplicis
1095 812 1209 853 Aiax

152 872 299 913 stravit
325 871 552 925 deprensos
578 869 662 910 lata
688 884 763 924 per
787 884 889 909 arva
914 883 1079 923 greges,

95 937 135 970 et
161 927 316 969 vindex
341 928 385 968 in
409 936 542 967 matre
568 926 717 981 patris,
743 926 878 967 malus
903 925 1028 975 ultor,
1055 924 1232 967 Orestes

152 1000 279 1026 ausus
304 984 347 1024 in
373 998 547 1025 arcanas
573 997 744 1038 poscere
769 984 851 1024 tela
875 982 1001 1023 deas?

95 1056 196 1097 ergo
223 1055 301 1096 ego
329 1041 513 1100 digestos
539 1040 656 1095 potui
680 1039 839 1081 laniare
865 1039 1064 1094 capillos?

152 1112 230 1140 nec
257 1098 470 1139 dominam
494 1104 632 1139 motae
659 1097 891 1138 dedecuere
920 1110 1078 1137 comae.

97 1155 155 1197 sic
181 1155 366 1196 formosa
390 1155 489 1195 fuit:
515 1154 641 1195 talem
669 1153 934 1196 Schoeneida
959 1153 1097 1194 dicam

151 1212 390 1253 Maenalias
417 1225 517 1252 arcu
543 1211 788 1253 sollicitasse
813 1210 937 1252 feras.

95 1268 189 1310 talis
214 1268 370 1323 periuri
394 1267 684 1323 promissaque
709 1269 887 1321 velaque
913 1267 1068 1309 Thesei

152 1325 265 1367 flevit
291 1324 540 1380 praecipites
568 1322 723 1367 Cressa
747 1325 892 1366 tulisse
917 1335 1051 1365 notos.

95 1381 174 1432 sic,
200 1382 281 1423 nisi
306 1382 464 1423 vittatis
490 1381 604 1435 quod
630 1392 718 1423 erat
744 1380 987 1423 Cassandra
1012 1380 1187 1436 capillis,

150 1439 375 1494 'procubuit
401 1439 572 1493 templo,
599 1450 716 1480 casta
739 1439 957 1488 Minerva,
983 1448 1069 1480 tuo.

96 1496 189 1550 quis
214 1495 318 1537 mihi
342 1510 427 1538 non
454 1495 688 1538 ‘demensi’
715 1496 810 1550 quis
836 1511 921 1537 non
945 1495 1048 1536 mihi
1074 1495 1312 1537 ‘barbarol’
1342 1495 1471 1536 dixit?

151 1552 244 1608 ipsa
268 1552 389 1593 nihil:
416 1553 570 1607 pavido
597 1561 659 1595 est
682 1553 830 1608 lingua
854 1561 1016 1594 retenta
1042 1562 1170 1595 metu.

96 1609 170 1651 sed
195 1609 310 1650 taciti
334 1609 472 1651 fecere
497 1617 639 1651 tamen
665 1610 847 1651 convitia
870 1611 1030 1650 vultus:

153 1666 238 1721 egit
263 1681 330 1708 me
355 1666 560 1715 lacrimis,
586 1680 657 1707 ore
683 1667 851 1714 silente,
876 1682 1008 1708 rcum.

95 1732 191 1764 ante
217 1737 333 1764 meos
359 1723 514 1764 umeris
541 1723 691 1765 vellem
718 1723 917 1765 cecidisse
941 1724 1140 1765 lacertos:

152 1779 308 1821 utiliter
332 1780 450 1834 potui
475 1788 593 1834 parte
620 1794 760 1822 carere
787 1781 883 1821 mei.

94 1836 136 1878 in
162 1851 257 1878 mea
282 1851 485 1878 vaesanas
511 1836 641 1877 habui
667 1837 886 1891 dispendia
911 1837 1021 1878 vires

152 1902 192 1935 et
218 1893 331 1934 valui
356 1908 535 1948 poenam
561 1893 680 1934 fortis
705 1894 746 1934 in
772 1893 861 1948 ipse
887 1909 1038 1935 meam.

94 1950 196 2004 quid
220 1950 322 1991 mihi
347 1950 588 1998 vobiscum,
615 1950 754 1992 caedis
781 1951 1070 2004 scelerumque
1096 1950 1336 1992 ministrae?

152 2006 294 2049 debita
320 2007 548 2062 sacrilegae
575 2007 712 2049 vincla
738 2007 874 2049 subite
901 2007 1072 2049 manus!

95 2079 168 2113 an,
195 2064 228 2105 si
254 2064 489 2119 pulsassem
513 2064 736 2105 minimum
761 2064 813 2106 de
838 2065 961 2119 plebe
988 2064 1200 2117 Quiritem

150 2121 367 2176 plecterer,
393 2121 435 2161 in
461 2121 675 2162 dominam
699 2121 765 2163 ius
791 2122 894 2162 mihi
919 2122 1054 2164 maius
1081 2123 1182 2164 erit?

93 2178 276 2232 pessima
301 2178 488 2232 Tydides
515 2179 722 2220 scelerum
746 2179 1006 2220 monimenta
1030 2180 1211 2234 reliquit.

149 2235 217 2276 ille
244 2235 367 2276 deam
392 2235 552 2289 primus
577 2236 774 2290 perculit,
802 2236 907 2277 alter
932 2251 1031 2291 ego:

94 2299 133 2332 et
159 2291 297 2332 minus
323 2291 392 2332 ille
417 2306 586 2333 nocens.
647 2292 768 2341 mihi,
794 2306 922 2346 quam
947 2293 1176 2347 profitebar
1201 2309 1355 2344 amare,

149 2348 321 2389 laesast:
348 2347 537 2401 Tydides
563 2364 713 2390 saevus
738 2349 781 2390 in
805 2349 925 2390 hoste
950 2349 1043 2392 fuit.

51 2414 54 2417 ⁴
92 2405 104 2445 i
131 2419 262 2453 nunc,
288 2404 535 2459 magnificos
561 2405 695 2447 victor
719 2406 866 2447 molire
891 2406 1139 2461 triumphos,

151 2461 271 2516 cinge
299 2475 462 2502 comam
486 2462 606 2502 lauro
631 2470 812 2516 votaque
837 2463 967 2504 redde
993 2463 1103 2505 Iovi!

92 2532 286 2572 quaeque
313 2526 406 2558 tuos
433 2532 578 2559 currus
605 2519 828 2561 comitatus
853 2519 978 2561 turba
1003 2528 1214 2575 sequetur,

150 2575 299 2616 clamet
327 2574 386 2615 ‘io
412 2574 509 2616 forti
535 2575 647 2617 victa
671 2576 812 2631 puella
837 2576 926 2617 viro
953 2577 1053 2618 estl’

93 2640 188 2673 ante
215 2639 280 2673 eat
307 2631 442 2673 effuso
468 2631 596 2673 tristis
622 2633 790 2688 captiva
815 2633 979 2689 capillo,

150 2689 184 2729 si
210 2689 391 2730 sinerent
416 2689 575 2738 laesae,
602 2690 781 2731 candida
806 2698 911 2739 tota,
936 2706 1085 2746 genae.

93 2745 230 2800 aptius
255 2745 456 2801 inpressis
482 2745 619 2788 fuerat
645 2746 774 2789 livere
799 2747 963 2789 labellis

149 2810 190 2844 et
215 2802 322 2844 collo
346 2802 492 2844 blandi
517 2803 652 2846 dentis
677 2803 832 2848 habere
858 2813 1016 2847 notam.

1497 993 1538 1025 10

1497 1280 1536 1310 15

1494 2138 1536 2168 30

1495 2423 1535 2452 35

1489 2708 1533 2738 40
