1831 3168
462 217 684 254 AMORUM
709 217 804 251 LlB.
832 217 859 250 I.
888 217 956 261 IX,
981 216 1139 260 33-X1‚
1157 216 1190 250 6.
1454 203 1509 246 93

146 300 233 341 sola
258 299 346 340 viro
372 299 520 340 mulier
546 299 687 353 spoliis
713 298 871 339 exultat
896 296 1122 351 ademptis:

202 356 291 396 sola
314 355 426 396 locat
449 364 614 404 noctes,
641 356 729 396 sola
753 354 930 395 locanda
955 354 1088 394 venit:
1537 364 1582 393 30

146 420 184 454 et
211 411 354 453 vendit
378 412 492 465 quod
516 419 741 465 utrumque
767 411 902 458 iuvat,
928 410 1041 463 quod
1066 416 1244 462 uterquc
1268 407 1452 464 petebat,

203 477 243 510 et
268 468 467 522 pretium,
493 468 638 522 quanti
663 467 848 522 gaudeat
872 467 982 521 ipsa,
1008 466 1121 506 facit.

146 539 253 578 quae
280 525 426 566 Venus
451 539 502 566 ex
528 538 662 578 aequo
688 531 866 567 ventura
889 530 952 563 est
975 531 1097 576 grata
1122 521 1301 569 duobus,

205 581 334 622 altera
358 595 433 622 cur
457 581 571 621 illam
596 580 738 622 vendit
767 588 806 620 ct
832 579 936 620 alter
961 578 1086 619 emit?

148 652 222 678 cur
247 637 349 677 mihi
374 637 428 678 sit
452 637 626 685 damno,
652 636 727 676 tibi
753 635 805 675 sit
829 635 995 675 lucrosa
1020 635 1227 688 voluptas,
1541 644 1584 672 35

205 707 333 746 quam
359 693 471 734 socio
498 700 615 733 motu
639 692 796 732 femina
822 691 968 743 virque
995 690 1160 731 ferunt?

148 764 233 790 non
259 750 365 790 bene
391 748 585 790 conducti
612 747 800 788 vendunt
825 745 1006 800 periuria
1032 754 1170 794 testes,

205 820 289 846 non
315 806 422 846 bene
447 804 589 846 selecti
613 803 761 844 iudicis
787 817 884 842 arca
908 809 1036 856 patet.

150 870 289 917 turpe,
315 875 408 902 reos
433 868 574 915 empta
598 859 772 901 miseros
798 858 1023 899 defendere
1048 857 1213 911 lingua3

206 918 319 972 quod
343 917 471 958 faciat
495 931 688 971 magnas,
715 924 835 970 turpe
861 914 1061 961 tribunal,
1088 927 1202 967 opes·
1541 926 1587 956 40

148 983 290 1030 turpe,
316 974 395 1015 tori
419 973 556 1015 reditu
581 987 731 1014 census
757 986 912 1026 augere
938 978 1134 1025 paternos

207 1039 248 1072 et
272 1031 423 1072 faciem
447 1030 563 1071 lucro
589 1028 848 1084 prostituisse
874 1042 1008 1068 suam.

149 1088 285 1144 gratia
310 1101 385 1142 pro
410 1087 536 1128 rebus
562 1086 710 1127 merito
736 1085 913 1126 debetur
936 1083 1151 1137 inemptis,

206 1159 282 1200 pro
306 1144 416 1185 male
443 1142 650 1184 conducto
675 1141 810 1197 gratia
835 1141 951 1181 nulla
975 1148 1080 1181 toro.

151 1201 292 1242 omnia
316 1200 545 1242 conductor
570 1199 706 1240 solvit.
766 1197 958 1239 mercede
984 1196 1122 1238 soluta
1541 1206 1586 1236 45

206 1272 291 1298 non
316 1264 456 1297 manet
482 1255 620 1296 officio
646 1255 810 1296 debitor
834 1255 903 1295 ille
928 1262 1015 1294 tuo.

149 1314 326 1369 parcite,
352 1312 579 1361 formosae,
604 1312 784 1367 pretium
811 1325 886 1366 pro
912 1317 1034 1351 nocte
1058 1308 1234 1364 pacisci:

160 1390 163 1391 ⁷
206 1385 291 1412 non
317 1369 443 1411 habet
468 1376 644 1410 eventus
670 1368 838 1409 sordida
863 1367 1020 1422 praeda
1044 1366 1191 1407 bonos.

150 1441 235 1468 non
260 1427 340 1468 fuit
365 1426 548 1467 armillas
574 1425 679 1466 tanti
705 1424 915 1480 pepigisse
942 1423 1137 1471 Sabinas,

208 1491 254 1524 ut
278 1490 514 1538 premerent
539 1497 682 1523 sacrae
708 1481 881 1536 virginis
907 1496 1022 1521 arma
1048 1486 1188 1534 caput.
1544 1489 1590 1519 50

152 1556 175 1582 e
200 1540 354 1594 quibus
381 1539 556 1587 exierat,
582 1538 742 1579 traiecit
768 1538 929 1578 viscera
953 1537 1063 1578 ferro

210 1597 338 1637 filius:
366 1603 404 1637 et
431 1610 591 1650 poenae
618 1609 745 1636 causa
769 1594 923 1634 monile
949 1593 1041 1633 fuit.

151 1668 230 1695 nec
255 1660 397 1694 tamen
420 1652 642 1706 indignum
667 1660 729 1692 est
755 1666 778 1691 a
804 1650 931 1691 divite
956 1648 1144 1704 praemia
1168 1647 1305 1702 posci:

210 1724 387 1750 munera
411 1708 600 1764 poscenti
625 1707 739 1760 quod
765 1707 863 1748 dare
889 1706 1038 1760 possit,
1066 1705 1205 1746 habet.

154 1766 312 1821 carpite
338 1766 388 1806 de
414 1765 547 1820 plenis
573 1764 803 1819 pendentes
830 1763 985 1803 vitibus
1011 1777 1130 1810 uvas,
1547 1771 1591 1800 55

210 1823 411 1877 praebeat
435 1821 605 1862 Alcinoi
630 1835 756 1875 poma
781 1820 988 1873 benignus
1013 1833 1127 1873 ager.

155 1879 342 1920 officium
366 1893 528 1933 pauper
551 1885 743 1918 numeret
769 1876 1038 1928 studiumque
1063 1874 1293 1927 fidemque:

211 1935 325 1989 quod
349 1934 442 1988 quis
468 1934 607 1981 habet,
634 1933 827 1974 dominae
853 1932 1040 1973 conferat
1065 1944 1188 1972 omne
1214 1944 1328 1970 suae.

156 2000 218 2034 cst
243 2006 411 2045 quoque
436 1990 691 2032 carminibus
717 1989 886 2030 meritas
912 1988 1124 2029 celebrare
1149 1985 1312 2041 puellas

214 2049 288 2089 dos
314 2062 420 2089 mea.
481 2062 608 2101 quam
633 2046 766 2095 volui,
791 2054 891 2086 nota
915 2045 962 2085 fit
988 2052 1074 2085 arte
1100 2059 1207 2084 mea.
1549 2052 1596 2083 co

158 2105 400 2146 scindentur
423 2112 578 2152 vesteS,
604 2118 797 2157 gemmae
823 2101 1072 2156 frangentur
1096 2108 1137 2141 et
1161 2113 1328 2140 aurum:

216 2161 401 2203 carmina
426 2174 553 2214 quam
578 2159 780 2207 tribuent,
806 2158 920 2199 fama
944 2156 1139 2212 perennis
1165 2156 1255 2196 erit.

159 2232 237 2260 nec
263 2217 382 2265 dare,
407 2217 481 2258 sed
505 2215 686 2270 pretium
712 2215 827 2270 posci
853 2214 1058 2267 dedignor
1082 2220 1120 2253 et
1148 2211 1230 2252 odi.

218 2273 330 2328 quod
354 2287 464 2327 nego
489 2271 700 2327 poscenti,
726 2271 869 2313 desine
896 2270 1021 2317 velle,
1048 2268 1172 2309 dabo.

801 2371 886 2411 XI.

165 2441 376 2496 Colligere
400 2440 580 2481 incertos
606 2447 646 2480 et
670 2439 713 2479 in
738 2438 881 2479 ordine
906 2451 1061 2492 ponere
1086 2436 1220 2477 crines

222 2499 346 2539 docta
368 2510 506 2550 neque
532 2496 703 2536 ancillas
727 2495 836 2536 inter
859 2493 1054 2535 habenda
1078 2493 1214 2547 Nape,

164 2556 291 2609 inque
316 2552 556 2594 ministeriis
581 2551 760 2592 furtivae
786 2550 955 2605 cognita
978 2549 1112 2591 noctis

221 2611 334 2652 utilis
360 2618 399 2651 et
425 2609 573 2650 dandis
598 2608 816 2663 ingeniosa
840 2607 962 2655 notis,

167 2683 292 2723 saepe
317 2666 459 2708 venire
485 2665 539 2706 ad
563 2680 630 2706 me
656 2664 918 2705 dubitantem
944 2663 1109 2703 hortata
1135 2660 1379 2710 Corinnam,
1554 2675 1578 2705 5

225 2739 348 2779 saepe
373 2721 581 2764 laboranti
606 2721 690 2762 fida
714 2728 879 2776 reperta
902 2719 1018 2769 mihi,
