1831 3168
246 816 264 845 (ἶῖ

226 1102 267 1131 10

227 1386 267 1416 15

226 1673 269 1703 ‘20

227 2245 269 2275 30

228 2530 269 2559 35

294 252 375 295 136
749 258 793 293 Ρ.
821 256 966 294 OVIDI
991 253 1209 291 NASONIS

291 352 332 388 ct
355 359 451 386 mea
476 342 681 385 debuerat.
706 339 813 382 falso
838 339 1012 380 laudata
1037 337 1170 379 videri

347 401 526 444 femina:
553 398 778 441 credulitas
802 411 915 438 nunc
940 395 1045 437 mihi
1069 402 1208 437 vestra
1233 392 1374 436 nocet!

292 571 403 614 Cum
428 570 532 612 mihi
556 569 773 626 pomiferis
800 569 983 611 coniunx
1009 568 1118 610 foret
1143 574 1235 609 orta
1259 566 1452 616 Faliscis,

347 628 516 670 moenia
540 627 795 683 contigimus
821 627 952 675 victa,
980 624 1180 675 Camille,
1208 624 1297 665 tibi.

291 694 407 728 casta
433 685 671 727 sacerdotes
698 684 853 725 Iunoni
879 683 988 725 festa
1012 682 1220 738 parabant

348 751 387 786 et
414 742 599 785 celebres
624 742 747 784 ludos
773 741 1102 796 indigenamque
1128 739 1295 781 bovem.

291 800 452 857 grande
476 814 620 841 morae
646 800 829 854 pretium
854 799 958 839 ritus
985 812 1261 852 cognoscere,
1288 795 1482 851 quamvis

349 857 532 899 difficilis
559 856 676 898 clivis
703 856 786 897 huc
812 856 881 897 via
905 855 1079 911 praebet
1105 855 1198 897 iter.

293 923 372 957 stat
399 922 521 957 vetus
548 921 589 956 et
614 914 745 955 densa
769 912 1044 969 praenubilus
1070 912 1218 953 arbore
1243 912 1383 953 lucus:

344 971 506 1025 aspice,
565 971 772 1013 concedes
798 969 983 1011 numinis
1009 984 1100 1010 esse
1125 969 1279 1010 locum.

293 1029 445 1085 accipit
470 1044 542 1070 ara
567 1043 713 1084 preces
739 1027 967 1082 votivaque
992 1034 1088 1068 tura
1112 1026 1293 1082 piorum,

349 1102 422 1129 ara
446 1101 522 1141 per
547 1086 742 1140 antiquas
767 1085 881 1127 facta
907 1084 996 1126 sine
1022 1091 1110 1126 arte
1135 1098 1299 1124 manus,

292 1145 388 1194 huc,
414 1144 489 1185 ubi
514 1143 759 1199 praesonuit.
784 1142 978 1184 sollemni
1002 1141 1105 1182 tibia
1131 1148 1270 1190 cantu,

348 1202 381 1243 it
406 1216 482 1257 per
507 1201 667 1242 velatas
694 1215 835 1241 annua
860 1214 1017 1254 pompa
1041 1199 1144 1240 vias.

293 1260 506 1300 ducuntur
530 1258 679 1299 niveae
704 1257 862 1312 populo
887 1256 1116 1311 plaudente
1141 1256 1359 1305 iuvencae,

351 1331 456 1370 quas
483 1315 585 1356 aluit
611 1315 770 1369 campis
796 1314 928 1356 herba
951 1313 1121 1354 Falisca
1147 1314 1246 1363 suis,

295 1380 336 1416 et
361 1373 481 1414 vituli
505 1372 695 1413 nondum
720 1371 947 1413 metuenda
971 1370 1108 1411 fronte
1134 1371 1333 1421 minaces,

351 1437 393 1472 et
417 1430 554 1471 minor
580 1445 632 1471 ex
658 1429 806 1469 humili
832 1428 1004 1469 victima
1028 1442 1182 1482 porcus
1212 1428 1328 1478 hara,

294 1489 466 1542 duxque
491 1487 634 1542 gregis
661 1501 791 1527 cornu
817 1500 893 1541 per
917 1492 1108 1540 tempora
1134 1485 1240 1526 dura
1265 1500 1456 1528 recurvo.

349 1545 487 1586 invisa
513 1553 574 1586 est
602 1543 797 1584 dominae
823 1543 912 1584 sola
938 1542 1099 1597 capella
1125 1542 1242 1584 deae.

293 1602 404 1643 illius
430 1601 586 1642 indicio
612 1600 728 1642 silvis
751 1599 924 1641 inventa
949 1600 1028 1640 sub
1055 1599 1149 1640 altis

352 1659 505 1700 dicitur
529 1658 743 1713 inceptam
768 1656 1008 1699 destituisse
1034 1657 1196 1712 fugam.

292 1731 406 1758 nunc
432 1730 602 1770 quoque
627 1730 703 1768 per
727 1729 882 1770 pucros
908 1714 1055 1755 iaculis
1083 1715 1311 1756 accersitur
1335 1714 1478 1767 index,

352 1780 393 1816 et
417 1773 602 1829 pretium
628 1772 790 1813 auctori
814 1772 999 1813 vulneris
1025 1772 1117 1826 ipsa
1142 1772 1278 1813 datur.

295 1847 379 1886 qua
403 1837 583 1872 ventura
608 1830 687 1871 dea
713 1837 794 1879 est,
819 1829 994 1870 iuvenes
1021 1829 1278 1884 timidaeque
1303 1831 1471 1885 puellae

350 1894 649 1944 praesternunt
673 1887 779 1927 latas
804 1893 922 1927 veste
946 1886 1109 1928 iacente
1135 1886 1237 1927 vias.

253 1959 264 1964 “
294 1945 474 2001 virginei
501 1945 635 1986 crines
662 1958 764 1985 auro
789 1957 1044 1997 gemmaque
1070 1951 1332 1998 premuntur,

352 2010 393 2044 et
417 2002 523 2057 tegit
547 2008 716 2042 auratos
742 2001 856 2055 palla
882 2000 1065 2055 superba
1090 2001 1237 2054 pedes:

294 2074 410 2101 more
435 2066 604 2114 patrum
632 2056 765 2100 Graio
792 2057 955 2098 velatae
982 2057 1169 2097 vestibus
1196 2057 1301 2098 albis

352 2116 521 2158 condita
546 2114 764 2170 supposito
789 2114 946 2155 vertice
973 2129 1092 2155 sacra
1117 2114 1271 2155 ferunt.

295 2189 366 2215 ore
391 2173 537 2215 favent
561 2171 708 2228 populi
733 2180 852 2221 tunc,
880 2186 977 2212 cum
1003 2171 1118 2212 venit
1143 2187 1271 2213 aurea
1296 2187 1466 2228 pompa,

351 2231 444 2286 ipsa
469 2230 708 2272 sacerdotes
735 2228 1090 2282 consequiturque
1117 2244 1228 2270 suas.

295 2288 461 2344 Argiva
486 2294 550 2329 est
572 2301 753 2342 pompae
778 2285 922 2327 facies.
983 2286 1309 2341 Agamemnone
1336 2300 1459 2328 caeso

352 2353 394 2387 et
419 2345 556 2387 scelus
583 2352 625 2386 et
649 2343 806 2399 patrias
832 2343 945 2398 fugit
970 2344 1182 2384 Halaesus
1209 2357 1329 2398 opes:

294 2404 464 2460 iamque
489 2400 713 2457 pererratis
739 2400 947 2456 profugus
974 2408 1169 2454 terraque
1194 2400 1386 2455 fretoque

352 2459 520 2502 moenia
544 2458 657 2501 felici
683 2458 871 2500 condidit
897 2458 980 2499 alta
1005 2473 1147 2499 manu.

296 2518 364 2558 ille
392 2531 490 2558 suos
516 2516 660 2558 docuit
683 2515 865 2557 Iunonia
891 2531 1010 2556 saera
1034 2515 1238 2556 Faliscos.

354 2574 437 2615 sint
461 2573 582 2623 mihi,
610 2573 691 2614 sint
718 2574 874 2629 populo
901 2587 1067 2628 semper
1092 2572 1228 2614 amica
1254 2572 1350 2615 suoi

921 2675 1051 2718 XIV.

296 2744 394 2785 Non
420 2758 499 2799 ego
524 2760 578 2786 ne
603 2759 771 2799 pecces,
799 2760 895 2786 cnm
922 2745 977 2786 sis
1003 2744 1208 2794 formosa,
1234 2759 1399 2794 rccus0,

355 2801 429 2843 sed
454 2816 506 2842 ne
533 2801 585 2842 sit
609 2801 762 2843 misero
789 2802 894 2844 scire
920 2817 1093 2844 necesse
1120 2802 1235 2843 mihi.
