1831 3168
213 296 280 325 430

215 580 277 609 4:33

212 865 279 894 410

212 1149 277 1179 445

213 1435 280 1465 450

209 1719 275 1750 455

209 2003 277 2034 460

210 2289 275 2319 465

211 2573 277 2603 470

311 188 392 230 152
766 196 810 231 Γ.
838 196 984 232 OV1D1
1008 195 1226 233 NASONIS

364 287 404 321 et
429 279 622 334 quotiens
648 292 754 333 opus
779 285 861 328 est,
885 278 1073 320 nascitur
1097 278 1168 319 illa
1193 277 1296 318 sibi?

305 337 425 391 quid,
453 350 548 377 cum
575 335 769 377 mendaci
794 335 948 377 damno
974 335 1252 377 maestissima
1277 335 1426 390 plorat,

363 394 614 447 elapsusque
640 405 745 433 cava
768 392 942 447 fingitur
967 407 1066 434 aure
1091 391 1225 446 lapis?

305 451 437 490 multa
462 456 612 504 rogant
637 448 795 491 utenda
820 449 931 498 dari,
959 449 1056 490 data
1080 449 1255 491 reddere
1281 449 1449 490 nolunt:

360 506 519 561 perdis,
546 513 587 547 et
611 506 654 547 in
680 506 833 547 damno
859 506 996 561 gratia
1020 507 1136 547 nulla
1160 512 1246 546 tuo.

304 578 388 605 non
415 563 536 611 mihi,
564 563 790 617 sacrilegas
815 563 1084 605 meretricum
1110 572 1156 604 ut
1181 576 1410 618 persequar
1435 570 1558 611 artes,

363 635 459 661 cum
486 620 661 662 totidem
686 620 840 675 linguis
867 620 950 662 sint
974 620 1074 661 satis
1101 634 1174 661 ora
1199 620 1358 661 decem.
1384 643 1441 649 —

305 692 400 719 cera
424 676 581 718 vadum
607 684 783 732 temptet
808 678 912 719 rasis
937 677 1078 718 infusa
1104 676 1288 718 tabellis:

362 748 457 776 cera
482 741 579 775 tuae
605 734 788 789 primum
814 735 982 776 conscia
1006 734 1157 775 mentis
1184 740 1265 776 eat.

305 791 529 832 blanditias
554 790 662 833 ferat
686 791 758 832 illa
782 799 875 833 tuas
900 792 1147 845 imitataque
1173 797 1390 832 amantum

361 847 502 890 verba.
563 863 641 890 nee
667 849 863 903 exiguas,
888 848 1079 903 quisquis
1105 863 1169 897 es,
1196 848 1304 889 adde
1328 861 1488 902 preces.

304 906 492 947 Hectora
517 905 690 947 donavit
713 906 886 947 Priamo
911 920 1035 961 prece
1060 913 1200 946 motus
1227 905 1435 946 Achilles:

360 962 542 1004 flectitur
566 963 697 1004 iratus
724 977 827 1004 voce
852 970 1029 1019 rogante
1056 962 1172 1003 deus.

305 1019 523 1074 promittas
549 1019 689 1061 facite.
752 1020 853 1074 quid
879 1020 990 1062 enim
1017 1019 1260 1075 promittere
1285 1018 1440 1060 laedit?

360 1076 555 1131 pollicitis
582 1077 699 1118 dives
726 1077 903 1130 quilibet
929 1092 1020 1119 esse
1047 1084 1197 1132 potest.

305 1148 399 1188 spes
425 1140 539 1175 tenet
563 1133 607 1175 in
632 1141 817 1189 tempus,
844 1135 974 1175 semel
1001 1142 1060 1175 est
1089 1134 1122 1175 si
1149 1133 1326 1183 credita,
1352 1133 1549 1188 longum:

360 1190 432 1232 illa
457 1190 628 1244 quidem
653 1191 803 1240 fallax,
829 1191 904 1233 sed
930 1199 1071 1232 tamen
1098 1198 1198 1245 apta
1223 1191 1303 1230 dea
1328 1198 1403 1231 est.

304 1247 338 1288 si
364 1247 530 1289 dederis
556 1248 733 1302 aliquid,
760 1248 915 1302 poteris
940 1248 1100 1289 ratione
1126 1246 1324 1301 relinqui:

359 1305 634 1359 praeteritum
659 1305 816 1355 tulerit,
842 1305 1154 1360 perdideritque
1179 1304 1295 1345 nihil.

305 1367 349 1402 at
372 1362 488 1415 quod
512 1376 598 1403 non
623 1361 807 1410 dederis,
834 1377 1000 1417 semper
1024 1362 1193 1402 videare
1220 1361 1408 1401 daturus.

364 1419 424 1459 sic
449 1418 667 1459 dominum
693 1419 843 1460 sterilis
871 1434 997 1474 saepe
1023 1418 1173 1460 fefellit
1198 1433 1316 1472 ager:

305 1474 383 1524 sic,
408 1490 462 1517 ne
488 1475 736 1530 perdiderit,
762 1490 846 1517 non
873 1483 1007 1517 cessat
1033 1475 1209 1530 perdere
1234 1476 1362 1524 lusor,

359 1539 402 1574 et
426 1540 597 1574 revocat
622 1533 799 1588 cupidas
825 1533 916 1574 alea
941 1548 1068 1587 saepe
1094 1548 1258 1573 manus.

302 1588 382 1630 hoc
407 1604 531 1644 opus,
556 1590 624 1631 hic
648 1590 769 1631 labor
793 1597 874 1639 est,
901 1590 1036 1645 primo
1062 1589 1150 1631 sine
1176 1604 1350 1631 munere
1374 1588 1507 1644 iungi.

358 1661 411 1688 ne
439 1647 601 1689 dederit
625 1647 756 1702 gratis
782 1662 890 1701 quae
917 1647 1049 1695 dedit,
1076 1661 1212 1701 usque
1239 1646 1369 1687 dabit.

303 1718 404 1759 ergo
431 1711 498 1745 eat
523 1711 564 1746 et
589 1704 755 1745 blandis
781 1712 999 1760 peraretur
1023 1704 1162 1745 littera
1187 1703 1326 1745 verbis

359 1761 635 1816 exploretque
660 1761 822 1803 animos
848 1762 1068 1817 primaque
1094 1768 1270 1816 temptet
1295 1760 1386 1802 iter.

302 1817 440 1859 littera
467 1816 694 1873 Cydippen
719 1833 844 1873 pomo
870 1819 1032 1873 perlata
1057 1817 1221 1867 fefellit,

358 1875 575 1928 insciaque
601 1883 663 1916 est
688 1875 828 1916 verbis
855 1883 978 1930 capta
1003 1875 1144 1930 puella
1169 1875 1268 1915 suis.

303 1931 418 1973 disce
443 1931 576 1972 bonas
602 1939 731 1981 artes,
757 1946 928 1981 moneo,
954 1932 1149 1973 Romana
1173 1932 1384 1980 iuventus,

359 2002 445 2029 non
470 1995 635 2029 tantum
661 1988 846 2043 trepidos
871 1996 918 2029 ut
944 1996 1088 2030 tueare
1113 2002 1220 2030 reos.

303 2059 432 2100 quam
457 2046 640 2100 populus
665 2045 878 2100 iudexque
904 2045 1045 2100 gravis
1074 2046 1292 2099 lectusque
1319 2051 1503 2094 senatus,

360 2111 447 2143 tam
473 2102 593 2149 dabit,
614 2103 780 2157 eloquio
806 2103 918 2144 victa
941 2102 1082 2157 puella
1107 2118 1270 2143 manus.

302 2159 377 2201 sed
400 2159 559 2200 lateant
583 2159 714 2209 vires,
740 2175 818 2201 nec
844 2160 898 2201 sis
926 2160 967 2200 in
992 2160 1130 2200 fronte
1157 2159 1350 2200 disertus.

359 2216 568 2271 effugiant
592 2231 717 2258 voces
743 2217 873 2259 verba
897 2217 1075 2258 molesta
1100 2224 1210 2257 tuac.

302 2274 415 2328 quis,
441 2273 522 2315 nisi
547 2274 699 2316 mentis
724 2273 864 2329 inops,
891 2282 1059 2315 tenerae
1085 2273 1294 2315 declamat
1319 2271 1506 2314 amicae?

358 2345 484 2385 saepe
510 2331 656 2372 valens
682 2331 767 2372 odii
791 2331 929 2373 littera
954 2346 1082 2372 eausa
1106 2331 1199 2371 fuit.

302 2387 355 2429 sit
380 2388 457 2428 tibi
483 2388 695 2430 credibilis
721 2403 857 2430 sermo
885 2396 1170 2441 consuetaque
1196 2387 1339 2436 verba,

361 2445 517 2486 blanda
541 2453 702 2495 tamen,
728 2461 928 2501 praesens
954 2453 999 2486 ut
1026 2445 1195 2487 videare
1220 2444 1349 2498 loqui.

302 2502 337 2543 si
361 2516 446 2543 non
471 2502 647 2558 accipiet
673 2504 875 2558 scriptum
899 2502 1185 2557 inlectumque
1210 2502 1408 2551 remittet,

358 2558 563 2600 lecturam
589 2575 711 2615 spera
735 2560 1082 2616 propositumque
1108 2568 1219 2601 tene.

302 2622 490 2670 tempore
516 2616 708 2659 difficiles
735 2618 909 2659 veniunt
934 2617 987 2658 ad
1012 2624 1151 2658 aratra
1175 2615 1357 2665 iuvenci,

360 2680 546 2727 tempore
572 2674 686 2715 lenta
709 2674 797 2729 pati
822 2674 942 2715 frena
968 2674 1171 2715 docentur
1196 2673 1305 2727 equi,

303 2729 464 2771 ferreus
490 2730 667 2772 adsiduo
694 2731 956 2772 eonsumitur
981 2731 1132 2772 anulus
1157 2745 1251 2780 uSU,
