1831 3168
301 798 341 829 25

299 1081 342 1111 30

300 1364 341 1394 35

298 1650 342 1680 40

298 1933 342 1963 45

300 2216 343 2245 50

321 2725 341 2755 5

372 239 456 284 114
827 248 870 282 Ρ.
898 247 1043 284 ov1D1
1068 246 1284 283 NASONIS

370 340 441 375 aut
466 333 667 373 iuvenum
692 329 865 371 comites
890 329 1111 371 iussissent
1134 329 1193 372 ire
1218 330 1393 385 puellas,

425 389 459 430 si
484 388 598 429 fuit
588 404 629 428 1n
655 387 803 442 longas
829 394 940 428 terra
965 387 1147 428 secanda
1172 387 1273 428 vias.

368 454 458 486 tum
483 444 605 493 mihi,
632 443 667 484 si
691 458 926 499 131⁴·eme1e1n
951 451 1148 485 ventosas
1174 443 1367 485 horridus
1393 444 1540 500 Alpes,

426 500 654 542 dummodo
681 515 778 542 cum
804 500 993 549 domina,
1019 501 1143 542 molle
1169 500 1317 543 fuisset
1341 501 1430 542 iter.

368 574 463 601 cum
490 557 661 599 domina
685 556 873 612 Libycas
899 557 1034 598 ausim
1062 572 1333 613 perrumpere
1361 557 1508 613 Syrtes

425 622 465 657 et
491 615 590 657 dare
615 628 699 655 non
725 614 870 668 aequis
896 614 991 655 vela
1014 613 1188 656 ferenda
1213 615 1335 655 notis.

368 686 452 714 non
477 686 586 725 quae
611 670 801 726 virgineo
827 678 1020 726 portenta
1045 671 1124 712 sub
1149 671 1321 726 inguine
1346 672 1512 721 latrant,

424 742 502 771 nec
528 728 698 770 timeam
723 735 903 776 vestros,
931 742 1059 768 curva
1084 727 1248 777 Malea,
1275 728 1410 769 sinus:

367 799 451 827 non
477 800 561 839 qua
586 785 815 826 submersis
841 784 1000 825 ratibus
1027 792 1212 825 saturata
1239 783 1479 840 Charybdis

423 842 561 883 fundit
586 849 627 883 et
652 841 807 883 effusas
833 856 903 883 ore
928 849 1114 896 receptat
1140 856 1284 895 aquas.

367 899 481 954 quod
507 899 540 939 si
565 898 754 953 Neptuni
779 906 953 940 ventosa
978 898 1164 953 potentia
1189 898 1330 947 vincit,

424 963 463 997 et
489 955 768 997 subventuros
794 955 957 996 auferet
981 954 1095 995 unda
1120 955 1233 1003 deos,

367 1020 413 1054 tu
437 1012 590 1054 nostris
615 1012 761 1053 niveos
787 1011 941 1053 unieris
966 1011 1120 1066 inpone
1146 1012 1341 1052 lacertos:

426 1083 599 1124 corpore
624 1083 699 1110 nos
725 1068 839 1109 facili
865 1068 986 1110 dulce
1012 1068 1195 1109 feremus
1221 1083 1340 1109 onus.

368 1141 493 1181 saepe
518 1134 665 1181 petens
690 1126 837 1167 Heron
862 1125 1025 1166 iuvenis
1051 1133 1341 1166 transnaverat
1367 1124 1521 1166 undas:

424 1191 514 1224 tum
538 1196 707 1237 quoque
733 1190 1009 1230 transnasset‚
1036 1182 1109 1223 sed
1135 1182 1204 1223 via
1229 1196 1354 1224 caeca
1379 1182 1471 1223 fuit.

368 1247 410 1281 at
435 1239 523 1281 sine
548 1247 608 1289 te,
635 1239 828 1293 quamvis
854 1238 1018 1293 operosi
1043 1238 1199 1280 vitibus
1224 1239 1315 1294 agri

423 1311 490 1338 me
516 1303 703 1344 teneant,
729 1296 922 1350 quamvis
948 1295 1142 1336 amnibus
1167 1311 1268 1336 arva
1292 1303 1450 1345 natent,

369 1359 409 1394 et
434 1360 553 1394 vocet
579 1353 622 1393 in
647 1353 758 1393 rivos
785 1361 1021 1394 currentem
1046 1352 1226 1393 rusticus
1251 1353 1423 1401 undam,

425 1409 664 1465 frigidaque
691 1409 885 1450 arboreas
912 1410 1092 1450 mulceat
1119 1424 1221 1450 aura
1247 1424 1407 1450 comas:

367 1481 452 1507 non
478 1480 557 1521 ego
581 1466 809 1521 Paelignos
835 1465 981 1507 videor
1007 1466 1217 1507 celebrare
1244 1466 1444 1515 salubres,

424 1538 509 1563 non
534 1537 613 1577 ego
638 1523 842 1571 natalem,
867 1538 966 1563 rura
990 1530 1183 1577 paterna,
1208 1523 1361 1571 locum,

368 1579 441 1621 sed
467 1578 687 1634 Scythiam
713 1577 954 1632 Cilicasque
979 1579 1090 1620 feros
1115 1579 1353 1632 viridesque
1379 1578 1619 1629 Britannos,

424 1650 618 1690 quaeque
642 1635 898 1677 Prometheo
925 1651 1027 1676 saxa
1052 1650 1199 1677 cruore
1224 1636 1388 1677 rubent.

366 1693 506 1734 ulmus
533 1700 646 1734 amat
670 1693 817 1741 vitem,
843 1691 939 1733 vitis
965 1707 1049 1733 non
1075 1693 1228 1734 (leserit
1253 1693 1433 1734 ulmum:

425 1764 595 1805 separor
619 1765 644 1791 a
669 1749 838 1790 domina
863 1764 938 1790 cur
963 1764 1042 1804 ego
1069 1765 1194 1804 saepe
1220 1750 1339 1791 mea?

368 1814 409 1848 at
434 1806 537 1847 mihi
563 1814 603 1848 te
629 1806 824 1848 comitem
849 1806 1009 1847 iuraras
1035 1821 1170 1860 usque
1195 1806 1381 1847 futuram

423 1878 499 1918 per
522 1878 590 1904 me
614 1877 773 1917 perque
799 1863 962 1912 oculos,
989 1863 1126 1905 sidera
1150 1872 1311 1912 nostra,
1338 1872 1445 1904 tuos.

369 1919 498 1961 verba
523 1920 760 1974 puellarum
785 1918 896 1960 foliis
922 1919 1080 1960 leviora
1105 1919 1274 1961 caducis

423 1975 568 2024 inrita,
594 1990 679 2029 qua
703 1976 841 2016 visum
867 1982 947 2023 est,
973 1986 1123 2017 ventus
1149 1984 1189 2017 61
1213 1976 1327 2016 unda
1353 1975 1505 2017 ferunt.

369 2032 489 2086 siqua
512 2032 595 2073 mei
620 2039 762 2073 tamen
787 2039 847 2073 est
873 2031 914 2072 in
941 2040 981 2073 te
1007 2032 1076 2086 pia
1101 2046 1201 2073 cura
1225 2032 1370 2081 relicti,

424 2088 563 2144 incipe
589 2088 782 2143 pollicitis
809 2088 962 2129 addere
988 2088 1100 2129 facta
1125 2089 1221 2138 tuis,

368 2159 583 2200 parvaque
608 2145 918 2200 quamprimum
944 2145 1202 2200 rapientibus
1228 2145 1376 2187 esseda
1400 2146 1564 2187 mannis

424 2203 516 2257 ipsa
540 2217 615 2257 per
639 2202 843 2243 admissas
870 2210 1045 2243 concute
1070 2203 1159 2243 lora
1183 2202 1316 2243 iubas.

367 2266 409 2300 at
434 2273 528 2308 vos,
555 2273 639 2312 qua
663 2259 823 2307 veniet,
849 2259 1000 2299 tumidi
1025 2259 1229 2300 subsidite
1255 2268 1431 2309 montes,

424 2323 462 2357 et
489 2315 634 2357 faciles
660 2316 800 2357 curvis
826 2316 1006 2357 vallibus
1032 2325 1118 2358 este
1145 2316 1251 2358 viae.

975 2419 1127 2461 XVII.

369 2486 511 2539 Siquis
537 2487 633 2536 erit,
659 2487 732 2541 qui
757 2494 879 2542 turpe
904 2495 1024 2543 putet
1049 2487 1203 2530 servile
1228 2488 1408 2544 puellae,

423 2543 493 2584 illo
520 2543 745 2586 convincar
769 2545 906 2586 iudice
931 2544 1064 2601 turpis
1090 2559 1182 2600 ego.

367 2599 445 2640 sim
470 2600 567 2642 licet
591 2600 779 2650 infamis,
806 2601 907 2642 dum
931 2617 998 2643 me
1023 2602 1280 2643 moderatius
1304 2617 1355 2642 ur
1357 2609 1412 2650 at,

425 2670 533 2710 quae
557 2657 738 2712 Paphon
763 2666 803 2700 et
827 2659 958 2701 fluctu
982 2659 1106 2713 pulsa
1131 2656 1320 2714 Cythera
1344 2664 1469 2700 tenet.

368 2720 494 2766 atquc
518 2713 679 2755 utinam
704 2714 898 2757 dominae
923 2715 1014 2756 miti
1039 2729 1206 2769 quoque
1231 2715 1389 2770 praeda
1412 2714 1600 2764 fuissem,

423 2768 631 2812 formosae
657 2772 856 2825 quoniam
880 2772 1038 2827 praeda
1063 2772 1230 2814 futurus
1256 2772 1389 2814 eram!
