1831 3168
434 237 776 274 REMEDIORUM
800 237 990 274 AMORIS
1015 238 1207 273 432—519.

193 329 252 372 et,
279 321 312 362 si
338 319 474 376 prima
500 320 607 361 sinat
634 320 815 375 syllaba,
840 335 994 361 nomen
1021 319 1151 361 idem:

136 380 244 421 hanc
269 378 391 426 mihi,
418 378 451 418 si
477 378 631 432 sapiat,
658 392 732 432 per
757 392 800 418 sc
827 377 1029 418 concedat
1057 377 1264 419 Achilles:

193 435 227 476 si
252 434 409 483 minus,
436 434 656 489 imperium
684 434 831 475 sentiet
857 434 926 475 ille
952 448 1106 475 meum.

135 492 251 546 quod
276 492 406 545 siquis
431 498 618 532 vestrum
644 491 802 531 factum
830 490 908 531 hoc
934 498 1123 539 accusat,
1150 491 1324 532 Achivi:

193 556 255 590 cst
281 547 440 601 aliquid
466 547 606 588 valida
631 555 795 602 sceptra
820 554 961 589 tenere
987 562 1127 588 manu.

135 621 232 646 nam
260 604 294 645 si
320 620 392 646 rex
419 618 498 659 ego
524 619 636 652 sum,
663 617 740 645 nec
765 617 930 645 mecum
957 603 1136 645 dormiat
1161 605 1259 653 ulla,

192 663 233 703 in
260 677 354 703 mea
378 661 595 702 Thersites
621 675 752 715 regna
775 660 916 701 licebit
943 659 1037 701 eat-⁹

135 719 239 760 dixit
266 725 307 759 et
332 718 440 759 lianc
466 717 613 759 habuit
637 698 791 758 solacia
816 732 971 771 magna
995 716 1159 770 pssoris,

193 783 233 816 et
259 775 395 830 posita
420 782 481 816 est
507 789 607 816 cura
633 788 732 815 cura
757 773 924 828 repulsa
948 787 1070 813 nova.
1095 796 1153 802 —

134 846 236 887 ergo
262 832 437 873 adsume
462 846 544 873 nov
549 846 593 872 as
619 838 788 872 auctore
814 830 1139 884 Agamemnone
1166 830 1370 878 flammas,

194 896 237 929 ut
265 896 360 929 tuus
385 888 428 928 in
454 888 567 929 bivio
594 887 841 928 distineatur
866 901 995 927 amor.

135 945 322 1000 quaeris,
348 944 422 985 ubi
447 944 659 986 invenias?
684 952 813 993 artes,
839 943 873 992 i,
897 943 1069 1008 perlege
1094 950 1278 985 nostras:

192 1002 316 1057 plena
341 1001 613 1057 puellar’um
602 1016 687 1042 1am
712 1001 786 1041 tibi
811 1000 930 1041 navis
957 999 1046 1041 crit.

134 1059 285 1113 quodsi
311 1058 413 1112 quid
438 1065 662 1113 praecepta
686 1058 827 1098 valent
851 1072 963 1105 mea,
990 1056 1129 1110 siquid
1155 1057 1310 1112 Apollo

192 1116 292 1156 utile
318 1116 514 1157 mortales
540 1115 738 1169 peidocet
763 1128 833 1155 ore
858 1127 967 1162 me0‚

134 1172 328 1226 quamvis
354 1171 501 1213 infelix
525 1171 664 1212 media
690 1171 913 1212 torreberis
939 1172 1093 1219 Aetna,

191 1228 383 1284 frigidior
407 1228 601 1269 dominae
627 1228 695 1269 fac
718 1228 886 1268 videare
911 1235 1026 1268 tuae:

134 1293 175 1327 et
202 1300 351 1326 sanum
376 1285 546 1334 simula,
571 1300 644 1333 ne,
670 1284 809 1338 siquid
834 1284 940 1326 forte
966 1284 1141 1333 dolebis,

191 1342 361 1391 sentiat,
388 1349 428 1383 et
452 1341 562 1391 ride,
588 1356 684 1382 cum
710 1341 786 1382 tibi
810 1342 974 1382 flendus
1000 1341 1094 1383 eris.

135 1413 217 1440 non
243 1413 322 1454 ego
348 1406 388 1440 te
412 1398 539 1440 iubeo
564 1399 723 1440 medias
750 1398 1000 1453 abrumpere
1025 1413 1167 1439 curas:

191 1469 276 1496 non
301 1463 398 1497 sunt
421 1455 587 1510 imperii
612 1463 697 1496 tam
722 1455 812 1496 fera
836 1455 951 1496 iussa
974 1455 1070 1496 mei.

135 1512 249 1566 quod
273 1526 354 1553 non
383 1526 446 1560 es,
473 1512 643 1561 simula,
669 1512 912 1566 positosque
938 1512 1100 1553 imitare
1126 1512 1310 1553 furores:

192 1569 252 1610 sic
276 1568 406 1610 facies
431 1583 549 1617 vere,
574 1569 690 1621 quod
714 1569 939 1609 meditatus
966 1569 1059 1610 eris.

135 1639 261 1680 saepe
288 1639 387 1680 ego,
412 1640 466 1666 ne
491 1625 698 1673 biberem,
724 1625 838 1665 volui
865 1625 1046 1666 dormire
1071 1625 1222 1667 videri:

193 1683 294 1722 dum
319 1681 477 1731 videor,
504 1695 649 1722 somno
674 1681 834 1722 lumina
858 1682 970 1722 victa
995 1681 1104 1723 dedi.

135 1739 359 1794 deceptum
384 1738 474 1787 risi,
500 1738 572 1792 qui
598 1753 641 1779 se
668 1738 894 1779 simulabat
919 1753 1074 1787 amare,

192 1795 234 1836 in
259 1795 433 1849 laqueos
459 1809 613 1850 auceps
640 1794 937 1848 decideratque
964 1810 1075 1836 suos.

134 1851 261 1892 intrat.
286 1866 403 1893 amor
427 1860 586 1893 mentes
612 1867 711 1900 usu,
739 1852 967 1893 dediscitur
992 1867 1090 1893 usu:

192 1908 263 1962 qui
288 1908 441 1963 poterit
465 1923 615 1949 sanum
640 1909 818 1963 fingere,
845 1924 971 1950 sanus
997 1908 1086 1950 erit.

134 1965 304 2014 dixerit,
329 1973 376 2006 ut
400 1965 544 2007 venias
568 1972 692 2020 pacta
717 1965 792 2006 tibi
817 1974 957 2007 nocte:
984 1965 1137 2007 venito.

191 2022 375 2071 veneris,
401 2029 443 2063 et
467 2021 593 2064 fuerit
617 2022 744 2063 ianua
769 2023 930 2064 clausa:
956 2022 1079 2064 feres.

134 2093 211 2120 nec
237 2079 304 2120 dic
328 2078 573 2127 blanditiam,
598 2093 676 2121 nec
701 2079 769 2120 fac
794 2079 978 2121 convitia
1003 2080 1128 2134 posti,

191 2149 268 2176 nec
292 2136 402 2176 latus
427 2136 470 2176 in
496 2135 600 2176 duro
624 2135 766 2177 limine
790 2151 899 2191 pone
924 2144 1057 2177 tuum.

134 2198 302 2246 postera
326 2192 399 2232 lux
425 2192 575 2233 aderit:
603 2200 772 2233 careant
797 2200 869 2233 tua
893 2193 1022 2234 verba
1047 2192 1257 2247 querellis,

192 2255 232 2289 et
256 2248 372 2288 nulla
395 2247 439 2288 in
463 2248 584 2288 vultu
610 2248 730 2302 signa
755 2249 932 2289 dolentis
957 2249 1078 2290 habe.

134 2304 219 2345 iam
243 2311 371 2359 ponet
396 2303 543 2352 fastus,
569 2318 665 2345 cum
690 2312 729 2345 te
754 2306 957 2359 languere
982 2305 1160 2347 videbit:

191 2361 270 2402 hoc
296 2360 421 2402 etiam
446 2368 589 2401 nostra
613 2376 766 2402 munus
793 2362 845 2402 ab
872 2369 958 2402 arte
984 2361 1106 2403 feres.

134 2424 174 2459 te
200 2431 368 2471 quoque
393 2417 492 2458 falle
517 2424 677 2466 tamen,
702 2432 780 2458 nec
805 2418 857 2458 sit
883 2418 957 2458 tibi
982 2419 1074 2459 finis
1101 2420 1270 2461 amandi

190 2473 443 2529 propositus·
503 2473 632 2515 frenis
657 2489 782 2529 saepe
807 2483 1014 2529 repugnat
1040 2489 1186 2529 equus.

133 2531 290 2572 utilitas
315 2531 460 2579 lateat3
487 2530 600 2584 quod
625 2545 710 2571 non
733 2531 1004 2585 profitebere,
1030 2532 1120 2574 fiet:

190 2601 298 2640 quae
323 2587 446 2627 nimis
472 2594 677 2641 apparent
699 2588 823 2636 retia,
848 2588 949 2629 vitat
976 2589 1078 2630 avis.

132 2658 185 2684 ne
210 2643 286 2684 tibi
310 2650 395 2684 tam
421 2643 604 2698 placeat,
630 2658 739 2697 quae
764 2652 804 2685 te
831 2652 1096 2687 contemnere
1122 2645 1266 2701 possit,

190 2714 309 2741 sume
334 2699 516 2749 animos,
543 2700 692 2742 animis
718 2701 840 2742 cedat
864 2709 911 2743 ut
934 2702 1005 2743 illa
1029 2702 1125 2743 tuis.

132 2755 258 2797 ianua
282 2756 389 2798 forte
413 2757 554 2812 patet?
588 2757 781 2811 quamvis
807 2759 1080 2809 revocabere,
1106 2760 1250 2802 transi.

1420 230 1504 272 207

1530 562 1596 593 480

1531 1698 1596 1728 500

1531 1982 1548 2012 5
1556 1982 1595 2012 05

1527 2549 1593 2579 515
