1831 3168
403 269 459 312 20
855 277 896 312 P.
925 277 1069 312 OV1D1
1096 275 1312 312 NASONIS

460 359 624 414 longius
651 367 817 400 assueto
843 358 1003 399 lumina
1027 365 1170 398 nostra
1195 357 1352 399 vident.

403 416 509 457 addc
535 430 678 470 preces
705 422 840 456 castas
866 414 1127 468 inmixtaque
1152 422 1250 455 vota
1275 414 1427 464 timori,

459 487 571 512 nunc
597 486 764 525 quoque
791 479 831 512 te
857 471 973 511 salvo
999 470 1278 525 persoluenda
1302 470 1419 512 mihi.

338 543 377 572 75
405 538 499 569 vota
525 542 603 582 ego
629 527 892 582 persolvam?
917 527 1023 568 votis
1048 527 1205 568 Medea
1231 526 1413 568 fruetur!

459 599 529 625 cor
554 585 683 632 dolet,
710 592 834 638 atque
860 584 921 624 ira
945 583 1102 624 mixtus
1128 583 1346 624 habundat
1371 597 1501 625 amor.

403 641 511 681 dona
536 641 668 682 feram
694 640 881 696 templis,
908 640 1053 681 vivum
1076 640 1189 694 quod
1218 640 1370 681 Iasona
1394 639 1552 696 perdo?

458 697 593 739 hostia
617 712 692 752 pro
718 697 880 738 damnis
907 697 1099 738 concidat
1124 697 1208 738 icta
1232 697 1362 739 meis?

401 767 483 795 non
509 754 703 808 equidem
731 769 878 796 secura
902 754 983 803 fui,
1009 768 1257 809 semperque
1284 754 1474 804 verebar,

333 825 375 855 so
456 826 507 852 ne
534 819 652 865 pater
676 811 879 866 Argolica
904 819 1087 852 sumeret
1114 811 1218 852 urbe
1243 826 1410 851 nurum.

400 868 627 922 Argolidas
653 868 791 908 timui:
818 867 961 908 nocuit
986 867 1087 908 mihi
1114 867 1294 908 barbara
1318 866 1462 922 pelex!

456 939 538 965 uon
565 932 784 979 expectata
808 924 960 965 vulnus
986 924 1039 965 ab
1064 924 1183 965 hoste
1208 923 1297 965 tuli.

399 995 475 1022 nec
501 981 607 1022 facie
632 981 844 1022 meritis-ve
870 981 1025 1035 placet,
1051 981 1125 1022 sed
1151 981 1336 1022 carmina
1360 980 1490 1030 novit,

456 1037 627 1091 diraque
653 1046 818 1079 cantata
842 1038 999 1092 pabula
1022 1037 1129 1079 falce
1156 1037 1285 1079 metit.

331 1107 373 1139 85
400 1094 471 1135 illa
496 1095 770 1136 reluctantem
797 1109 923 1135 cursu
951 1094 1157 1135 deducere
1184 1094 1351 1134 Lunam

453 1151 598 1191 nititur
623 1159 663 1192 et
689 1151 870 1193 tenebris
898 1151 1053 1192 abdere
1080 1150 1191 1193 Solis
1218 1165 1360 1204 equos.

396 1208 467 1248 illa
491 1207 674 1249 refrenat
699 1222 829 1261 aquas
856 1208 1111 1261 obliquaque
1136 1208 1310 1249 flumina
1335 1206 1457 1257 sistit,

454 1264 525 1305 illa
548 1264 640 1305 loco
666 1265 791 1305 silvas
817 1265 996 1318 vivaque
1023 1280 1125 1305 saxa
1149 1273 1302 1306 movet.

396 1335 471 1375 per
495 1321 676 1362 tumulos
703 1330 812 1362 errat
838 1322 971 1376 passis
997 1321 1199 1362 discincta
1225 1320 1384 1375 capillis

328 1390 370 1422 90
453 1385 648 1431 certaque
675 1378 726 1419 de
751 1378 904 1433 tepidis
930 1378 1086 1433 colligit
1113 1392 1208 1419 ossa
1233 1377 1358 1431 rogis,

396 1433 573 1476 devovet
598 1434 781 1476 absentis
808 1435 1115 1488 simulacraque
1142 1449 1262 1476 cerea
1286 1434 1408 1489 fingit

452 1499 492 1532 ct
517 1490 715 1532 miserum
741 1492 879 1532 tenuis
903 1491 946 1531 in
970 1491 1086 1532 iecur
1111 1499 1234 1546 urget
1259 1505 1373 1540 acus,

393 1555 433 1588 et
459 1561 566 1600 quae
592 1547 811 1589 nescierim
835 1547 998 1588 melius
1058 1548 1167 1589 male
1193 1547 1408 1601 quaeritur
1432 1547 1573 1590 herbis

448 1604 635 1644 moribus
661 1611 701 1646 et
725 1604 861 1644 forma
886 1604 1170 1645 conciliandus
1198 1618 1327 1644 amor.

325 1672 366 1703 95
392 1658 501 1700 hanc
525 1667 645 1714 potes
671 1660 885 1715 amplecti,
913 1661 1182 1714 thalamoque
1207 1660 1376 1701 relictus
1400 1660 1443 1702 in
1469 1675 1553 1702 uno

446 1717 685 1771 impavidus
713 1731 859 1757 somno
885 1724 1006 1757 nocte
1032 1716 1179 1757 silente
1204 1716 1313 1757 frui?

390 1773 546 1815 scilicet
570 1781 617 1814 ut
641 1781 804 1822 tauros,
829 1774 888 1814 ita
912 1782 952 1815 te
976 1774 1078 1828 iuga
1102 1773 1211 1814 ferre
1238 1774 1394 1828 coegit:

447 1844 616 1884 quaque
641 1831 752 1872 feros
778 1830 949 1885 anguis,
975 1837 1015 1871 te
1041 1844 1210 1884 quoque
1235 1831 1409 1879 mulcet,
1435 1844 1526 1886 ope.

390 1886 517 1935 adde,
544 1887 657 1940 quod
683 1887 864 1928 adscribi
888 1887 1012 1928 factis
1038 1900 1346 1942 procerumque
1371 1887 1538 1940 tuisque

303 1957 364 1988 100
447 1958 490 1984 se
516 1944 647 1985 favet:
675 1952 713 1985 et
739 1945 859 1985 titulo
886 1944 1076 1999 coniugis
1102 1957 1209 1984 uxor
1237 1943 1375 1992 obest3

389 2007 512 2053 atque
539 2001 686 2054 aliquis
712 2001 855 2042 Peliae
881 2001 932 2042 de
959 2001 1147 2056 partibus
1173 2007 1266 2041 acta
1292 2000 1463 2041 venenis

444 2057 627 2112 imputat
653 2065 693 2099 et
719 2059 935 2112 populum,
962 2057 1034 2110 qui
1060 2057 1138 2097 sibi
1165 2057 1326 2105 credat,
1353 2056 1499 2099 habet:

390 2117 491 2154 ‘non
518 2113 620 2155 haec
646 2115 902 2163 Aesonides,
928 2115 1002 2156 scd
1027 2113 1205 2155 Phasias
1233 2113 1413 2155 Aeetine

445 2185 570 2211 aurea
594 2170 804 2212 Phrixeae
830 2179 949 2226 terga
973 2171 1134 2212 revellit
1160 2169 1277 2211 ovis.'

299 2241 360 2270 105
386 2240 469 2267 non
494 2227 642 2281 probat
669 2228 889 2269 Alcimede
915 2235 1048 2268 mater
1072 2235 1144 2268 tua
1169 2227 1362 2280 (consule
1390 2228 1602 2283 matrem),

443 2298 526 2324 non
551 2292 682 2338 pater,
710 2300 734 2325 a
758 2285 898 2340 gelido
925 2284 992 2325 cui
1018 2284 1131 2325 venit
1157 2298 1234 2324 axe
1259 2298 1403 2325 nurus.

386 2339 456 2381 illa
482 2340 559 2381 sibi
585 2341 720 2382 Tanai
748 2341 1036 2396 Scythiaeque
1061 2340 1287 2395 paludibus
1311 2340 1421 2381 udae

443 2404 616 2449 quaerat
640 2405 681 2439 et
707 2413 730 2439 a
755 2398 889 2452 patria
912 2397 1110 2438 Phasidis
1134 2411 1268 2450 usque
1293 2396 1443 2438 virum.

386 2453 551 2494 mobilis
577 2454 813 2503 Aesonide,
839 2468 1053 2508 vernaque
1078 2454 1274 2495 incertior
1299 2468 1414 2501 aura,

300 2522 360 2551 llo
444 2524 517 2550 cur
541 2518 614 2551 tua
639 2511 813 2565 polliciti
837 2511 1022 2567 pondere
1047 2510 1176 2552 verba
1202 2510 1370 2551 carent?

386 2565 448 2605 vir
473 2581 591 2607 meus
616 2566 712 2608 hinc
736 2568 865 2618 ieras,
891 2568 956 2609 vir
978 2581 1064 2608 non
1088 2582 1207 2609 meus
1231 2566 1329 2608 inde
1354 2565 1515 2607 redisti:

442 2622 520 2662 sim
545 2623 709 2664 reducis
736 2625 937 2673 coniunx,
964 2624 1072 2665 sicut
1096 2623 1233 2666 euntis
1260 2622 1394 2664 eram!

386 2677 418 2717 si
444 2685 483 2718 te
507 2678 703 2719 nobilitas
730 2695 1017 2734 generosaque
1042 2680 1213 2721 nomina
1238 2687 1430 2734 tangunt,

442 2748 492 2774 en
518 2748 596 2789 ego
621 2735 770 2776 Minoo
796 2746 893 2777 nata
918 2737 1112 2778 Thoante
1137 2737 1260 2778 feror.

296 2803 358 2833 115
384 2789 579 2832 Bacchus
606 2806 726 2832 avus:
752 2792 911 2834 Bacchi
937 2793 1119 2834 coniunx
1143 2792 1337 2834 redimita
1362 2805 1517 2832 corona
