1831 3168
461 260 803 297 REMEDIORUM
827 259 1017 296 AMORIS
1043 260 1238 295 608—695.

221 342 295 383 sed
322 350 462 383 tamen
487 341 589 383 hacc
617 342 754 384 brevis
780 350 862 391 est,
888 342 958 382 illa
983 341 1176 396 perennis
1201 354 1323 394 aqua.

164 398 281 439 fallat
309 409 347 440 ct
375 398 416 439 in
443 408 589 440 tenues
615 398 818 440 evanidus
845 407 967 440 exeat
992 413 1115 438 auras

223 470 380 509 perque
406 455 562 509 gradus
589 456 734 497 molles
760 455 986 496 emoriatur
1010 469 1139 496 amor.
1164 478 1222 483 —

163 512 238 553 sed
264 512 388 553 modo
416 512 610 553 dilectam
638 512 773 554 scelus
799 521 860 553 est
885 511 1023 552 odisse
1048 510 1250 565 puellam:

221 569 357 610 exitus
384 569 562 623 infreuiis
589 568 785 610 convenit
808 568 886 610 iste
912 568 1023 609 feris.

163 641 247 666 non
274 640 348 666 cm
351 641 419 667 are
427 606 507 666 Ο5·ιϊ
535 632 610 667 cst.
670 625 765 666 odio
791 625 864 678 qui
888 624 978 665 finit
1003 637 1203 687 amorem,

222 691 291 722 aut
319 693 431 722 amat
456 691 525 723 aut
554 697 678 737 aegre
704 682 867 723 desinet
891 695 982 722 esse
1007 679 1146 720 miser.

163 747 284 793 tuipc
311 739 373 779 vir
399 747 438 780 et
464 738 626 787 mulier,
651 738 781 780 iuncti
805 738 949 787 modo,
975 736 1164 791 protinus
1190 735 1343 777 hostes.

221 810 303 835 non
330 795 421 836 illas
446 795 538 836 lites
564 795 763 849 Appias
753 809 845 849 1psa
869 793 1032 849 probat.

163 867 289 906 saepe
316 867 408 893 reas
433 852 613 900 faciunt,
639 860 679 893 et
705 859 859 892 amant.
921 850 995 891 ubi
1018 849 1135 890 nulla
1159 849 1350 890 simultas

222 908 384 957 incidit,
411 909 627 949 admonitu
652 908 757 949 liber
781 908 947 949 aberrat
972 921 1102 948 amor.

163 965 270 1006 sorte
296 965 466 1007 aderam
492 965 645 1006 iuveni.
707 965 922 1005 dominam
945 963 1092 1005 lectica
1116 962 1304 1005 tenebat:

222 1022 445 1063 horrebant
473 1022 607 1064 saevis
632 1022 773 1062 omnia
799 1021 928 1063 verba
953 1020 1088 1061 minis.

163 1079 330 1133 iamque
358 1079 586 1120 vadaturus
613 1079 779 1120 ‘lectica
804 1077 1000 1133 plodeat'
1027 1076 1175 1130 inquit.

221 1136 445 1190 prodielat.
508 1136 597 1176 visa
622 1135 803 1190 coniu‹›·e
827 1143 968 1175 mutus
994 1142 1095 1175 erat.

165 1200 205 1234 ct
232 1208 380 1233 manus
407 1200 445 1234 et
472 1192 667 1232 manibus
694 1192 882 1246 duplices
908 1190 1097 1232 cecidere
1122 1189 1315 1238 tabellae,

221 1249 336 1291 ιοιιὶῑ
360 1249 403 1290 in
428 1248 646 1303 amplexus
672 1257 798 1302 atque
823 1248 918 1288 ita‘
928 1246 1078 1288 vincis’
1106 1246 1175 1287 ait.

163 1306 292 1347 tutius
318 1314 379 1347 est
405 1314 635 1360 aptumque
662 1305 817 1360 magis,
845 1304 1060 1346 discedere
1085 1317 1190 1358 pace

219 1377 297 1404 nec
322 1370 463 1417 petere
490 1378 513 1403 a
538 1341 757 1403 thalamis&
758 1361 939 1416 litigiosa
964 1360 1067 1401 fora.

163 1435 339 1461 munera
364 1433 472 1472 quae
498 1418 694 1467 dederas,
721 1418 875 1460 habeat
900 1418 988 1459 sine
1013 1417 1104 1466 lite,
1130 1416 1293 1458 iubeto:

221 1492 312 1517 esse
339 1477 473 1517 solent
497 1490 652 1531 magno
679 1475 832 1516 damna
857 1475 1020 1516 minora
1044 1474 1169 1515 bono.
1194 1497 1252 1503 ——

165 1532 316 1587 quodsi
341 1547 416 1573 vos
442 1532 591 1586 aliquis
617 1547 739 1573 casus
765 1531 1006 1573 conducet
995 1547 1039 1572 ln
1062 1546 1209 1579 unum,

221 1597 360 1631 mente
385 1603 545 1630 memor
570 1598 675 1638 tota,
701 1602 810 1642 quae
837 1588 986 1629 damus
1012 1602 1148 1636 arma,
1174 1595 1282 1628 tene.

163 1661 275 1687 nunc
302 1660 407 1701 opus
434 1654 494 1687 est
520 1645 666 1693 armis3
692 1645 778 1693 hic,
805 1660 829 1686 o
855 1644 1098 1693 fortissime,
1124 1658 1287 1698 pugna:

221 1703 429 1744 vincenda
454 1711 517 1743 est
541 1703 624 1743 telo
649 1701 921 1743 Penthesilea
945 1709 1031 1742 tuo.

162 1774 275 1801 nunc
302 1759 377 1800 tibi
402 1759 563 1807 rivalis,
588 1773 700 1800 nunc
727 1758 879 1799 durum
904 1758 1032 1799 limen
1057 1756 1227 1805 amanti,

222 1831 334 1857 nunc
361 1816 540 1857 subeant
564 1815 712 1857 mediis
737 1815 862 1856 inrita
887 1814 1016 1856 verba
1042 1814 1145 1855 deis.

162 1888 241 1915 nec
267 1887 471 1928 compone
498 1887 659 1922 comas,
686 1872 785 1926 quia
810 1872 865 1913 sis
891 1880 1093 1913 venturus
1118 1869 1172 1911 ad
1196 1869 1324 1918 illam,

221 1945 298 1971 nec
325 1940 424 1985 toga
450 1929 500 1970 sit
526 1930 621 1970 laxo
647 1928 943 1983 conspicienda
969 1928 1076 1968 sinu.

162 1973 278 2027 nulla
303 1986 374 2035 sit,
400 1994 447 2027 ut
472 1986 639 2040 placeas
665 1985 826 2027 alienae
852 2000 953 2026 cura
977 1984 1161 2039 puellae:

221 2044 304 2084 iam
330 2043 457 2084 facito
483 2058 505 2084 e
530 2042 672 2083 multis
697 2058 782 2083 una
807 2042 859 2083 sit
882 2042 955 2083 illa
979 2041 1068 2082 tibi.
1092 2063 1150 2069 -—-

165 2100 239 2142 sed
265 2100 367 2153 quid
391 2099 616 2155 praecipue
641 2099 794 2140 nostris
819 2098 1039 2140 conatibus
1064 2097 1215 2146 obstet,

223 2157 409 2210 eloquar,
436 2156 629 2211 exemplo
656 2170 867 2210 quemque
893 2155 1068 2196 docente
1095 2168 1190 2195 suo:

167 2213 395 2254 desinimus
420 2212 556 2261 tarde,
582 2212 681 2266 quia
705 2227 781 2253 nos
806 2227 1024 2266 speramus
1050 2210 1194 2252 amari.

224 2269 324 2310 dum
351 2268 430 2309 sibi
455 2269 632 2321 quisque
658 2268 814 2322 placet,
841 2268 1012 2309 credula
1036 2266 1161 2308 turba
1185 2280 1344 2307 sumus.

167 2334 206 2367 at
234 2336 280 2367 tu
305 2340 381 2367 nec
407 2339 530 2366 voces
556 2325 678 2378 (quid
703 2324 815 2366 enim
839 2324 1031 2365 faHacius
1057 2322 1184 2376 illis?)

225 2382 348 2424 crede
373 2396 451 2423 nec
477 2391 668 2422 aeternos
693 2381 859 2436 pondus
884 2380 1040 2422 habere
1067 2379 1180 2420 deos.

167 2455 273 2481 neve
300 2438 536 2494 puellarum
560 2437 742 2479 lacrimis
768 2452 977 2486 moveare,
1003 2444 1164 2478 caveto.

226 2505 270 2537 ut
296 2496 462 2543 flerent,
489 2494 631 2536 oculos
657 2494 846 2536 erudiere
872 2508 983 2535 suos.

169 2552 364 2593 artibus
354 2551 583 2593 mnumeris
608 2565 725 2592 mens
751 2558 1020 2606 oppugnatur
1044 2556 1274 2599 amantum,

226 2618 273 2650 ut
296 2609 402 2663 lapis
429 2607 646 2661 aequoreis
671 2607 858 2661 undique
882 2608 1028 2662 pulsus
1054 2606 1187 2660 aquis.

169 2680 247 2707 nec
274 2680 422 2706 causas
448 2664 582 2719 aperi,
608 2678 737 2718 quare
763 2664 940 2705 divortia
965 2664 1106 2705 malis:

227 2736 305 2763 nec
331 2721 416 2769 dic,
442 2720 544 2775 quid
569 2721 710 2762 doleas
735 2721 863 2774 (clam
887 2728 1029 2763 tamen
1053 2734 1188 2774 usque
1214 2719 1341 2775 dole),

170 2791 248 2818 nec
274 2785 447 2832 peccata
470 2777 592 2828 refer,
618 2792 670 2820 ne
696 2777 840 2819 diluat.
901 2777 991 2833 ipse
1016 2776 1194 2827 favebis,

1245 2843 1311 2878 14⁴

1450 249 1531 292 211

1559 522 1622 552 655

1559 805 1624 835 660

1561 1088 1625 1119 δϋῦ

1561 1372 1626 1402 670

1561 1655 1625 1686 6ῖό

1561 1939 1626 1970 680

1563 2504 1629 2535 690

1564 2790 1629 2822 695
