1831 3168
401 256 675 293 HEROIDUM
699 257 782 292 XV.
808 256 1000 291 208-2v2.
1028 255 1131 291 XVI.
1158 254 1282 290 1—21.

194 353 322 393 quam
346 338 488 388 Paris,
516 346 587 380 aut
613 338 737 379 armis
765 337 1061 380 anteferendus
1088 336 1178 378 erit.

136 411 270 452 paene
296 410 402 450 puer
427 396 558 437 caesis
585 395 768 437 abducta
793 403 982 460 armenta
1008 394 1146 449 recepi

194 452 405 502 hostibUS,
431 460 472 493 et
497 466 667 493 causam
693 451 872 493 nominis
899 452 995 493 inde
1021 452 1110 492 tuli.

135 524 269 564 paene
295 524 400 564 puer
424 509 596 550 iuvenes
622 509 737 550 vario
764 517 849 550 cert
853 523 989 550 1m1ne
1016 508 1110 557 vici,

192 566 235 606 in
261 566 415 619 quibus
441 566 625 607 Ilioneus
651 565 988 620 Deiphobusque
1014 565 1107 606 fuit.

135 637 241 664 neve
268 630 409 677 putes,
434 637 520 663 non
546 637 612 663 me
638 622 717 662 nisi
743 622 977 663 comminus
1003 637 1094 663 esse
1120 621 1370 663 timendum:

193 679 338 734 figitur
361 679 404 720 in
428 679 543 719 iusso
568 685 714 719 nostra
739 679 892 732 sagitta
915 679 1020 719 loco.

135 750 220 777 non
246 743 365 791 potes
391 734 496 776 haec
521 734 580 775 illi
605 734 765 788 primae
792 735 892 776 dare
918 734 1030 775 facta
1055 734 1265 783 iuventae,

192 793 397 833 instruere
422 791 603 832 Atriden
629 805 712 831 non
738 799 856 845 potes
883 798 970 832 arte
996 791 1109 831 mea!

134 849 276 890 omnia
301 848 335 889 si
361 847 545 895 dederis,
571 847 778 900 numquid
804 847 924 888 dabis
951 847 1139 889 Hectora
1164 847 1362 889 fratrem?

192 919 301 946 unus
327 904 361 945 is
385 903 595 945 innumeri
619 903 761 945 militis
785 904 917 945 instar
942 904 1032 945 er.it

133 961 238 1017 quid
263 962 447 1011 valeam,
464 960 631 1026 MnesciS,
658 968 698 1002 et
724 968 764 1002 te
789 976 884 1003 mea
908 960 1061 1002 robora
1085 960 1254 1002 fallunt:

191 1018 381 1073 ionoras,
408 1017 476 1059 cui
501 1018 557 1059 sis
583 1025 715 1072 nupta
739 1017 882 1059 futuia
908 1017 1010 1058 viro.

134 1054 232 1117 aut0
234 1075 364 1130 igitur
387 1075 504 1115 nullo
530 1074 630 1116 belli
654 1082 843 1129 repetere
868 1074 1066 1123 tumultu,

193 1140 266 1173 aut
292 1132 444 1173 cedent
469 1131 601 1172 Marti
626 1131 785 1173 Dorica
810 1139 946 1173 castra
970 1145 1077 1172 meo.

135 1203 213 1231 nec
239 1197 380 1230 tamen
404 1188 600 1243 indigner
623 1202 699 1243 pro
724 1196 840 1229 tanta
866 1203 1030 1229 sumere
1055 1188 1213 1230 ferrum

193 1245 392 1300 coniuge:
419 1252 631 1286 certamen
655 1245 843 1300 praemia
867 1260 1024 1300 magna
1048 1252 1231 1286 movent.

134 1309 182 1343 tu
207 1316 396 1356 quoque,
424 1301 458 1342 si
483 1301 534 1343 de
560 1309 600 1343 te
626 1310 739 1343 totus
766 1302 1028 1343 contenderit
1053 1302 1180 1352 orbis,

191 1373 346 1400 nomen
372 1358 425 1399 ab
451 1366 622 1400 aeterna
647 1359 891 1414 posteritate
918 1358 1045 1401 feres:

133 1429 209 1470 spe
235 1415 360 1456 modo
384 1429 471 1456 non
494 1415 643 1456 timida
668 1415 731 1457 dis
757 1416 855 1457 hinc
880 1431 1050 1471 egressa
1075 1415 1270 1458 secundis

193 1472 316 1528 exige
343 1486 439 1514 cum
464 1473 590 1527 plena
613 1488 790 1514 munera
812 1480 940 1530 pacta
964 1472 1060 1514 fide.

757 1574 885 1616 XVI.

134 1641 261 1683 Nunc
286 1642 429 1683 oculos
454 1649 527 1683 tua
552 1657 648 1683 cum
672 1642 839 1683 violarit
863 1641 1042 1696 epistula
1066 1649 1245 1692 nostros,

192 1712 277 1739 non
302 1698 561 1740 rescribendi
584 1699 720 1753 gloria
745 1699 835 1739 visa
859 1699 975 1740 levis.

135 1770 264 1796 ausus
290 1770 333 1796 es
360 1754 529 1810 hospitii
554 1755 787 1804 temeratis,
814 1755 996 1803 advena,
1023 1755 1151 1797 sacris

191 1812 424 1867 legitimam
448 1820 605 1867 nuptae
632 1812 853 1853 sollicitare
878 1811 1024 1853 fidem!

133 1868 293 1910 scilicet
317 1868 473 1910 idcirco
499 1876 674 1910 ventosa
698 1884 773 1923 per
798 1883 982 1922 aequora
1006 1876 1175 1911 vectum

193 1925 359 1979 excepit
383 1933 507 1980 portu
533 1925 737 1967 Taenaris
764 1940 836 1966 ora
862 1940 951 1974 suo,

134 1996 213 2024 nec
238 1982 332 2030 tibi,
359 1982 526 2023 diversa
550 1982 744 2035 quamvis
771 1998 792 2024 e
817 1990 943 2037 gente
969 1981 1149 2032 venires,

192 2038 406 2094 oppositas
432 2038 580 2080 habuit
604 2039 722 2094 regia
746 2048 888 2080 nostra
912 2039 1037 2088 fores,

133 2104 246 2137 esset
269 2102 316 2136 ut
341 2095 469 2137 officii
494 2111 653 2138 merces
678 2096 830 2137 iniuria
855 2097 984 2137 tanti?
1076 2098 1078 2100 ’

192 2152 265 2206 qui
290 2152 349 2193 sic
372 2152 579 2202 intrabas,
605 2153 757 2208 hospes
784 2153 994 2194 an'hostis
1020 2154 1138 2194 eras?

134 2223 212 2250 nec
238 2208 404 2259 dubito,
430 2209 534 2262 quin
558 2210 683 2260 haec,
710 2225 806 2251 cum
832 2210 885 2251 sit
909 2218 995 2251 tam
1020 2211 1150 2260 iusta,
1177 2218 1350 2252 vocetur

191 2266 346 2307 rustica
370 2266 525 2307 iudicio
550 2274 693 2307 nostra
717 2267 905 2320 querella
930 2275 1016 2308 tuo,

134 2322 291 2363 rustica
316 2322 394 2363 sim
419 2338 540 2372 sane,
567 2323 668 2364 dum
692 2338 777 2364 non
803 2323 932 2364 oblita
956 2324 1143 2378 pudoris,

193 2379 378 2431 dumque
405 2386 524 2420 tenor
549 2380 660 2421 vitae
687 2381 739 2420 sit
765 2380 853 2421 sine
878 2380 973 2421 labe
998 2395 1130 2421 meae.

135 2434 170 2475 si
195 2449 279 2475 non
305 2442 368 2475 est
391 2435 489 2475 ficto
515 2436 641 2476 tristis
667 2436 769 2476 mihi
794 2436 932 2477 vultus
956 2437 1000 2477 in
1026 2451 1110 2485 ore,

193 2506 270 2532 nec
296 2491 420 2532 sedeo
449 2491 563 2533 duris
589 2500 708 2533 torva
733 2493 982 2546 superciliis,

134 2547 250 2588 fama
275 2557 415 2589 tamen
440 2548 552 2589 clara
578 2557 658 2597 est,
685 2556 725 2589 et.
751 2548 888 2590 adhuc
913 2549 1000 2591 sine
1027 2549 1198 2591 crimine
1225 2551 1322 2600 vixi,

193 2613 233 2645 et
256 2605 426 2645 laudem
453 2604 504 2646 dc
528 2620 595 2646 me
620 2606 760 2646 nullus
787 2606 951 2648 adulter
974 2606 1114 2648 habet.

134 2676 218 2714 quo
243 2661 379 2716 magis
405 2661 601 2710 mimir-‚01
629 2677 737 2715 quae
764 2662 817 2703 sit
840 2663 996 2704 fiducia
1022 2664 1173 2719 coepti,

192 2733 393 2772 spemque
420 2718 498 2759 tori
524 2719 574 2760 d(
564 2694 683 2760 delit
709 2733 817 2773 quae
843 2720 919 2761 tibi
944 2735 1072 2761 causa
1096 2721 1192 2763 mei.

136 2789 209 2824 an,
234 2775 332 2829 quia
358 2774 443 2816 vim
468 2775 589 2818 nobis
615 2775 855 2832 Neptunius
881 2777 1017 2819 attulit
1044 2778 1182 2829 heros,

1449 243 1506 286 57

1532 520 1597 552 255

1463 1653 1599 1687 Helena

1462 1699 1597 1733 Paridi.

1532 2168 1575 2200 10

1531 2452 1571 2482 15

1529 2735 1573 2766 20
