1831 3168
383 250 438 292 86
838 258 881 293 Ρ.
910 258 1054 294 OVIDI
1081 257 1299 294 NASONIS

382 340 483 395 quid
510 340 640 383 facies
666 340 794 389 hosti,
822 340 893 395 qui
921 341 980 382 sic
1006 340 1195 382 excludis
1221 342 1460 383 amantem?

440 407 630 452 tempora
655 398 789 439 noctis
816 405 928 439 eunt.
993 406 1144 439 excute
1170 406 1289 452 poste
1316 398 1470 440 seram!

382 469 466 495 non
493 469 572 510 ego
599 455 802 495 militibus
828 455 951 496 venio
977 454 1202 495 comitatus
1228 462 1270 496 et
1295 455 1440 496 armis:

439 511 552 552 solus
580 526 714 560 eram,
741 512 775 552 si
801 525 885 552 non
911 526 1063 552 saevus
1089 511 1255 552 adesset
1280 512 1428 553 Amor.

315 583 354 612 3.)
381 568 494 609 hunc
520 582 618 623 ego,
647 569 680 609 si
706 568 893 623 cupiam,
919 582 1129 621 nusquam
1157 568 1366 611 dimittere
1391 583 1585 624 possum:

416 629 418 632 ’
440 634 536 666 ante
563 625 629 666 vel
656 640 680 665 a
705 625 905 666 membris
932 625 1097 666 dividar
1120 625 1212 680 ipse
1238 625 1355 667 meis.

383 697 482 736 crgo
509 682 644 723 Amor
670 690 709 724 ct
735 682 947 723 modicum
975 682 1086 723 circa
1111 697 1205 724 mea
1230 690 1420 738 tempora
1444 684 1591 724 vinum

440 753 606 780 mecum
632 747 695 780 est
720 747 760 780 ct
785 739 966 780 madidis
991 739 1109 794 lapsa
1136 753 1292 781 corona
1316 740 1458 781 comis.

382 811 499 837 arma
524 796 618 850 quis
644 795 748 838 haec
775 796 944 838 timeat?
981 797 1074 850 quis
1100 811 1185 838 non
1211 804 1278 838 eat
1303 797 1453 838 obvius
1479 797 1585 838 illis?

313 870 356 899 40
440 864 630 908 tempora
654 853 789 895 noctis
816 862 930 895 eunt.
992 862 1141 895 excute
1167 862 1286 908 poste
1313 853 1468 895 seram!

380 910 518 952 lentus
545 926 601 952 cs.
664 926 718 951 an
743 924 928 958 somnus,
955 910 1027 963 qui
1054 919 1094 952 te
1120 911 1229 951 male
1255 911 1418 965 perdat,
1445 910 1624 952 amantis

442 968 570 1009 verba
596 967 667 1008 dat
691 968 734 1008 in
760 976 908 1009 ventos
935 981 1035 1008 aure
1062 967 1232 1021 repulsa
1258 968 1356 1007 tua?

384 1033 445 1073 at,
473 1024 664 1072 memini,
691 1024 846 1079 primo,
874 1038 971 1065 cum
997 1032 1036 1064 tc
1063 1024 1199 1065 celare
1226 1023 1435 1072 volebam,

438 1082 617 1137 pervigil
642 1081 685 1122 in
710 1081 874 1122 mediae
901 1080 1038 1121 sidera
1064 1080 1198 1121 noctis
1226 1095 1330 1121 eras.

313 1154 355 1184 45>
382 1138 559 1180 foisitan
586 1148 626 1180 et
652 1146 793 1179 tecum
819 1146 892 1179 tua
916 1152 1030 1179 nunc
1056 1137 1280 1191 requiescit
1308 1137 1457 1179 amica.

437 1196 539 1245 heu,
566 1196 713 1237 melior
738 1202 895 1249 quanto
923 1209 1011 1235 sois
1038 1204 1111 1235 tua
1137 1202 1247 1236 sorte
1274 1193 1385 1236 mea!

381 1253 610 1294 dummodo
637 1252 713 1301 sic,
740 1252 783 1293 in
809 1267 876 1293 me
902 1252 1031 1293 durae
1059 1252 1231 1292 transite
1258 1252 1450 1293 catenae!

438 1319 629 1365 tempora
653 1309 787 1350 noctis
814 1318 927 1351 eunt.
989 1316 1139 1350 excute
1165 1316 1284 1363 poste
1311 1308 1469 1350 seram!

379 1367 579 1416 fallimur,
606 1382 659 1408 an
686 1381 807 1407 verso
835 1373 1067 1408 sonuerunt
1093 1365 1262 1407 cardine
1288 1373 1444 1420 postes,

311 1439 353 1469 50
435 1438 648 1477 raucaque
675 1437 903 1465 concussae
930 1423 1051 1478 signa
1076 1422 1229 1464 dedere
1255 1422 1394 1464 fores?

378 1481 578 1529 fallimur,
604 1481 772 1535 inpulsa
798 1488 861 1521 est
887 1480 1074 1521 animoso
1099 1480 1228 1521 ianua
1252 1487 1391 1521 vento.

436 1539 473 1579 ei
499 1537 620 1586 mihi,
648 1552 776 1591 quam
801 1537 927 1592 longe
954 1552 1073 1592 spem
1098 1537 1193 1577 tulit
1217 1551 1321 1578 aura
1344 1536 1503 1578 meam!

379 1595 413 1636 si
439 1595 539 1636 satis
566 1609 609 1636 es
635 1602 801 1649 raptae,
827 1594 986 1643 Borea,
1012 1608 1174 1635 memor
1200 1592 1438 1648 Orithyiae,

434 1651 518 1693 huc
546 1651 646 1693 ades
674 1660 714 1692 et
740 1651 888 1692 surdas
914 1651 1083 1692 flamine
1108 1650 1240 1692 tunde
1265 1650 1380 1691 foris.

310 1724 351 1753 55
378 1709 482 1750 urbe
510 1709 631 1750 silent
658 1715 765 1757 tota,
793 1708 1010 1762 vitreoque
1036 1707 1250 1749 madentia
1274 1722 1366 1748 rore

435 1775 627 1821 tempora
651 1766 786 1807 noctis
812 1774 926 1807 eunt.
988 1772 1138 1806 excute
1164 1772 1283 1820 poste
1310 1764 1466 1806 seram!

379 1831 450 1864 aut
476 1837 555 1878 ego
580 1823 666 1864 iam
691 1822 887 1876 ferroque
913 1822 1087 1878 ignique
1113 1822 1299 1877 paratior
1323 1821 1427 1876 ipse,

435 1895 562 1934 quem
587 1879 679 1921 face
706 1879 911 1929 sustineo,
938 1887 1049 1921 tecta
1074 1879 1258 1934 superba
1284 1888 1440 1933 petam.

376 1951 462 1978 nox
489 1945 529 1978 et
555 1951 672 1977 amor
697 1936 928 1990 vinumque
954 1936 1057 1977 nihil
1082 1936 1340 1977 moderabile
1367 1935 1566 1977 suadent:

310 2008 352 2039 60
434 1994 505 2034 illa
530 1993 691 2048 pudore
718 2001 859 2041 vacat,
885 1993 1019 2034 Liber
1043 1993 1264 2046 Amorque
1290 1999 1420 2033 metu.

379 2050 520 2091 omnia
546 2049 808 2105 consumpsi,
834 2064 911 2091 nec
937 2058 977 2091 te
1002 2049 1283 2104 precibusque
1309 2049 1518 2104 minisque

434 2107 643 2148 movimus
659 2139 670 2157 ,
696 2121 720 2148 o
746 2106 908 2148 foribus
935 2107 1076 2148 durior
1100 2106 1190 2162 ipse
1216 2106 1318 2147 tuis!

377 2179 462 2206 non
486 2174 527 2205 te
552 2164 762 2205 formosae
789 2163 928 2206 decuit
955 2179 1122 2205 servare
1147 2163 1314 2218 puellae

434 2221 598 2262 limina:
626 2221 804 2262 sollicito
831 2235 998 2262 carcere
1024 2220 1179 2275 dignus
1205 2235 1311 2262 eras.

311 2291 352 2322 65
377 2279 547 2332 iamque
573 2278 799 2334 pruinosus
826 2278 995 2319 molitur
1020 2277 1197 2319 Lucifer
1222 2292 1322 2318 axes

434 2336 562 2390 inque
589 2350 712 2377 suum
737 2335 911 2377 miseros
938 2335 1091 2376 excitat
1118 2335 1204 2376 ales
1231 2349 1350 2389 opus.

379 2401 420 2434 at
446 2402 510 2442 tu,
536 2408 621 2434 non
646 2392 767 2434 laetis
793 2392 981 2434 detracta
1006 2406 1161 2433 corona
1187 2391 1362 2446 capillis,

436 2451 541 2491 dura
568 2465 694 2505 super
718 2456 806 2490 tota
830 2449 976 2490 limina
1000 2456 1123 2490 nocte
1148 2448 1251 2489 iace.

377 2519 423 2548 tu
450 2507 664 2557 dominae,
691 2521 787 2548 cum
812 2514 852 2548 te
878 2506 1106 2562 ploiectam
1132 2520 1256 2547 mane
1282 2504 1455 2554 videbit,

312 2578 352 2607 70
436 2564 637 2619 temporis
664 2564 877 2618 absumpti
903 2572 989 2604 tam
1014 2563 1123 2604 male
1148 2562 1266 2604 testis
1292 2562 1386 2604 elis.

379 2622 720 2675 quxliscumque,
746 2621 858 2670 vale,
886 2620 1079 2674 sentique
1105 2619 1299 2661 abeuntis
1325 2618 1551 2660 honorem:

435 2679 547 2719 lente
572 2692 650 2719 nec
676 2677 860 2718 admisso
886 2677 1020 2732 turpis
1046 2684 1234 2726 amante,
1261 2691 1300 2717 v¹
1291 2675 1374 2717 ale!

381 2748 452 2774 vos
479 2748 668 2788 quoque,
695 2734 885 2776 crudeles
910 2733 1046 2790 rigido
1073 2748 1170 2775 cum
1193 2708 1336 2775 liinine
1362 2739 1518 2789 postes,

436 2791 625 2845 duraque
652 2805 880 2832 conservae
904 2791 1040 2846 ligna,
1066 2791 1220 2839 valete,
1247 2790 1372 2831 fores.
