1831 3168
311 246 515 282 I'OETAE
541 246 779 282 OVIDIANI
806 245 1005 282 SAPPHO
1030 244 1227 280 PHAONI
1253 244 1375 280 1—33.

421 644 788 699 POETAE
852 644 1290 699 OVIDIANI

543 777 821 821 SAPPHO
859 776 1153 820 PHAONI.

160 948 347 1003 Ecquid,
391 958 437 990 ut
474 956 643 1004 aspecta
668 956 729 991 est
755 949 966 990 studiosae
991 949 1130 990 littera
1155 949 1341 1000 dextrae,

217 1005 408 1060 protinus
434 1014 497 1047 est
522 1006 653 1047 oeulis
680 1006 848 1060 cognita
873 1013 1015 1046 nostra
1040 1005 1149 1047 tuis?

160 1078 235 1111 an,
261 1063 341 1103 nisi
366 1062 541 1118 legisses
568 1062 748 1104 auctoris
773 1063 943 1103 nomina
969 1061 1183 1118 Sapphus,

217 1119 296 1160 hoc
322 1119 449 1161 breve
474 1119 657 1161 nescires
682 1119 795 1160 unde
822 1126 1015 1160 movetur
1040 1120 1174 1174 opus?

159 1175 335 1217 forsitan
361 1184 419 1225 et,
446 1190 575 1230 quare
600 1191 695 1217 mea
719 1176 801 1216 sint
826 1176 1005 1225 alterna,
1031 1175 1236 1229 requiras,

217 1233 421 1281 carmina,
447 1247 543 1273 cum
567 1232 708 1287 lyricis
735 1233 812 1273 sim
838 1232 972 1286 magis
999 1239 1098 1287 apta
1123 1233 1272 1273 modis.

158 1289 321 1330 flendus
348 1303 465 1330 amor
490 1304 608 1330 meus
634 1296 709 1330 est.
770 1289 931 1343 elege'i'a.
955 1288 1094 1330 flebile
1120 1303 1306 1331 carmen:

216 1360 301 1387 non
325 1345 427 1387 facit
453 1346 506 1386 ad
530 1345 724 1387 lacrimas
750 1345 938 1386 barbitos
963 1346 1049 1386 ulla
1072 1361 1202 1387 meas.

160 1417 270 1452 uror,
297 1411 341 1443 ut
367 1402 580 1444 indomitis
605 1402 748 1458 ignem
773 1402 1066 1444 exercentibus
1092 1403 1202 1444 euris

217 1459 364 1500 fertilis
391 1459 578 1501 accensis
603 1459 811 1501 messibus
837 1459 955 1500 ardet
981 1474 1095 1514 ager.

162 1531 263 1557 arva
287 1515 439 1556 Phaon
465 1516 649 1557 celebrat
675 1516 842 1557 diversa
866 1516 1113 1571 Typhoidos
1139 1516 1326 1558 Aetnae:

218 1587 284 1613 nie
311 1573 424 1613 calor
448 1573 642 1613 Aetnaeo
667 1587 751 1613 non
776 1572 913 1613 minor
937 1573 1035 1627 igne
1061 1580 1187 1614 tenet.

159 1643 235 1670 nec
261 1629 383 1677 mihi,
410 1629 621 1684 dispositis
647 1643 755 1682 quae
780 1629 954 1684 iungam
981 1629 1166 1670 carmina
1189 1630 1343 1680 nervis,

216 1686 488 1740 proveniunt:
515 1700 674 1726 vacuae
701 1685 888 1727 carmina
912 1686 1064 1727 mentis
1090 1700 1210 1741 opus.

158 1757 235 1784 nec
261 1758 328 1784 me
353 1742 611 1797 Pyrrhiades
635 1742 1035 1797 BIethynmiadesve
1061 1743 1240 1797 puellae,

215 1813 293 1840 nee
319 1814 386 1840 me
413 1798 674 1840 Lesbiadum
700 1808 839 1840 cetera
864 1799 989 1840 turba
1013 1799 1173 1840 iuvant.

159 1855 251 1896 vilis
276 1856 526 1904 Anactorie,
553 1855 646 1896 vilis
672 1855 775 1896 mihi
801 1855 980 1897 candida.
1006 1854 1165 1911 Cydro,

216 1926 298 1953 non
325 1912 456 1953 oculis
482 1920 603 1967 grata
629 1920 691 1954 est
716 1912 880 1961 Atthis,
906 1920 952 1954 ut
978 1920 1095 1962 ante,
1120 1913 1240 1962 meis,

158 1976 284 2022 atque
311 1969 417 2010 aliae
444 1977 631 2017 centum,
657 1983 762 2023 quas
787 1983 872 2010 non
898 1969 987 2010 sine
1013 1969 1186 2011 crimine
1213 1969 1364 2011 amavi.

216 2025 420 2080 improbe,
447 2025 675 2066 multarum
700 2025 814 2080 quod
838 2025 931 2074 fuit,
957 2040 1068 2067 unus
1093 2026 1243 2068 habes!

159 2091 219 2124 est
245 2083 287 2123 in
313 2090 353 2124 te
378 2082 528 2131 facies,
555 2091 650 2123 sunt
677 2082 763 2137 apti
787 2083 951 2124 lusibus
977 2083 1096 2124 anni:

217 2154 240 2179 0
266 2139 396 2180 facies
422 2139 554 2180 oculis
579 2139 780 2180 insidiosa
806 2139 929 2180 meis!

161 2210 278 2236 sume
303 2195 430 2236 fidem
456 2203 497 2237 et
521 2195 779 2250 pharetram:
805 2196 880 2237 fies
906 2195 1154 2237 manifestus
1179 2197 1337 2252 Apollo
1347 2213 1357 2246 3

217 2252 420 2294 accedant
446 2252 572 2306 capiti
597 2266 771 2293 cornua:
798 2252 994 2293 Bacchus
1021 2252 1114 2293 eris.

161 2320 199 2350 ct
225 2308 426 2350 Phoebus
450 2307 684 2363 Daphnen,
711 2316 751 2349 et
778 2307 971 2350 Gnosida
994 2308 1191 2350 Bacchus
1217 2309 1387 2359 amavit,

218 2380 295 2407 nec
320 2372 442 2406 norat
466 2365 618 2419 lyricos
642 2365 713 2405 illa
738 2365 804 2406 vel
829 2364 900 2405 illa
923 2365 1086 2406 modos.

162 2431 201 2463 at
228 2422 330 2463 1111111
354 2421 587 2476 Pegasides
612 2421 886 2462 blandissima
911 2421 1098 2463 carmina
1123 2421 1300 2464 dietant:

218 2479 302 2520 iani
328 2479 492 2520 canitur
516 2486 601 2519 toto
627 2492 780 2519 nomen
804 2478 847 2519 in
872 2478 972 2520 orbe
998 2494 1158 2520 meum:

162 2551 239 2577 nec
265 2536 360 2591 plus
385 2536 591 2584 Alcaeus,
618 2549 788 2576 consors
813 2535 1057 2590 patriaeque
1081 2536 1296 2590 lyraeque,

220 2593 356 2633 laudis
382 2591 528 2640 habet,
555 2592 748 2645 quamvis
773 2592 975 2647 grandius
1000 2593 1068 2634 ille
1095 2601 1226 2634 sonet.

165 2649 198 2689 si
223 2649 325 2689 1111111
352 2648 534 2690 difficilis
560 2649 740 2690 formam
765 2658 915 2690 natura
939 2649 1124 2705 negavit,

221 2706 390 2760 ingenio
416 2705 575 2747 formae
602 2706 755 2747 damna
779 2706 964 2761 rependo
989 2721 1120 2748 meae.

165 2777 258 2803 sum
285 2762 439 2804 brevis:
467 2770 508 2804 at
533 2777 705 2813 nomen,
731 2764 844 2818 quod
869 2771 999 2805 terras
1024 2763 1195 2819 impleat
1223 2777 1380 2814 omnes,

1447 236 1533 278 215

1558 1475 1600 1505 10

1559 1758 1600 1788 15

1557 2323 1599 2354 25

1556 2607 1599 2637 30
