1831 3168
303 231 384 272 192
753 241 796 276 Ρ.
825 242 970 278 ovim
996 241 1213 278 NASONIS

356 322 478 364 crede
505 323 626 371 mihi,
655 338 819 365 mecum
845 338 928 364 non
954 323 1082 365 semel
1108 324 1198 379 ipsa
1224 323 1315 364 fuit.

209 393 272 421 665
298 394 374 420 nec
400 379 574 420 nimium
603 380 722 420 vobis
748 380 932 421 formosa
957 381 1108 421 ancilla
1133 381 1357 423 ministret:

356 451 479 490 saepe
507 436 640 478 vicem
667 437 861 478 dominae
888 437 1082 492 praebuit
1107 437 1177 478 illa
1202 437 1316 478 mihi.

297 508 380 546 quo
406 494 518 534 seror
542 493 741 535 insanus?
778 494 880 548 quid
906 503 1050 549 aperto
1076 503 1244 550 pectore
1270 494 1312 535 iu
1339 494 1502 537 hostem

353 549 495 590 mittor
520 559 561 592 et
585 551 738 591 indicio
764 551 919 606 prodor
944 551 996 591 ab
1022 551 1111 606 ipse
1137 551 1258 592 meo?

296 621 380 647 non
406 606 494 647 avis
520 607 754 663 aucupibus
779 616 1003 657 monstrat,
1029 622 1113 662 qua
1138 617 1254 663 parte
1281 615 1466 663 petatur:

207 677 272 707 6ῖο
354 678 438 704 non
464 663 585 705 docet
611 664 784 706 infestos
811 680 978 707 currere
1004 680 1127 706 cerva
1154 679 1291 706 canes.

298 720 447 762 viderit
472 721 646 762 utilitas:
674 736 753 776 ego
779 730 928 777 coepta
952 721 1130 763 fideliter
1155 721 1289 763 edam.

355 778 601 819 Lemniasin
625 779 788 834 gladios
814 779 856 820 in
883 794 978 821 mea
1002 779 1088 820 fata
1114 778 1236 819 dabo.
1270 803 1327 809 —-

297 834 470 884 efficite,
494 859 551 864 ——
576 844 617 877 et
642 836 763 877 facile
789 844 852 878 est
876 861 931 866 —
956 844 1001 877 ut
1026 851 1102 877 nos
1129 836 1350 877 credamus
1377 837 1527 878 amari:

354 907 485 946 prona
510 893 624 934 venit
650 893 812 948 cupidis
838 893 880 934 in
906 909 982 934 sua
1007 901 1104 934 vota
1128 892 1246 934 fides-

207 961 269 991 675
297 957 456 1004 spectet
482 949 703 991 amabilius
729 950 943 1000 iuvenem,
970 950 1152 1005 suspiret
1177 950 1229 990 ab
1254 950 1338 991 imo

354 1006 529 1056 femina,
556 1014 640 1047 tam
667 1022 758 1048 sero
785 1022 859 1048 cur
883 1007 1109 1061 veniatque
1134 1015 1272 1061 roget:

297 1063 497 1104 accedant
523 1064 719 1105 lacrimae
746 1065 863 1105 dolor
888 1075 928 1106 et
954 1064 1005 1106 de
1031 1064 1191 1119 paelice
1217 1064 1355 1113 fictus,

354 1129 394 1161 et
418 1120 546 1162 laniet
571 1120 712 1176 digitis
738 1121 847 1163 illius
874 1136 945 1162 ora
971 1121 1076 1162 suis:

295 1176 541 1218 iamdudum
568 1193 794 1232 persuasus
820 1179 909 1220 erit.
970 1177 1236 1220 miserebitur
1262 1178 1370 1219 ultro

206 1247 270 1277 650
353 1243 393 1275 et
419 1234 527 1276 dicet
554 1239 674 1276 ‘cura
700 1235 884 1290 carpitur
908 1235 987 1275 ista
1013 1235 1121 1276 mei?

296 1291 521 1346 praecipue
547 1291 581 1332 si
607 1293 743 1334 cultus
769 1292 846 1334 erit
871 1292 1126 1347 speculoque
1152 1292 1348 1346 placebit,

353 1363 476 1402 posse
503 1363 579 1390 suo
606 1349 722 1404 tangi
748 1349 888 1391 credet
915 1363 1054 1390 amore
1083 1348 1196 1390 deas.
1221 1372 1278 1378 -—

296 1406 370 1446 scd
396 1415 456 1454 te,
482 1419 774 1460 quaecumque
801 1415 881 1456 est,
907 1406 1121 1447 moderate
1147 1405 1297 1446 iniuria
1323 1406 1476 1455 turbet,

352 1477 430 1503 nec
455 1462 510 1503 sis
537 1462 680 1503 audita
706 1463 863 1517 paelice
890 1463 1040 1504 mentis
1066 1463 1199 1518 inops.

205 1532 268 1562 085
296 1533 373 1559 nec
399 1519 480 1559 cito
507 1519 746 1561 credideris.
808 1528 1013 1574 quantum
1039 1519 1120 1560 cito
1146 1518 1316 1560 credere
1341 1518 1494 1569 laedat,

353 1576 594 1631 exemplum
620 1576 739 1617 vobis
765 1591 849 1618 non
875 1577 967 1618 leve
991 1575 1161 1617 Procris
1187 1575 1277 1617 erit.

295 1641 355 1673 est
382 1648 512 1688 prope
537 1648 772 1688 purpureos
799 1633 916 1675 collis
941 1633 1125 1675 florentis
1152 1632 1346 1687 Hymetti

350 1690 444 1731 fons
472 1705 588 1732 sacer
613 1699 652 1732 et
679 1691 799 1732 viridi
825 1691 1008 1745 caespite
1033 1690 1169 1731 mollis
1194 1690 1367 1730 humus:

295 1747 399 1788 silva
424 1763 572 1789 nemus
598 1762 682 1789 non
709 1748 792 1789 alta
817 1747 930 1789 facit.
992 1747 1097 1803 tegit
1123 1746 1297 1788 arbutus
1323 1746 1511 1797 herbam,

203 1817 268 1847 660
350 1818 418 1845 ros
444 1805 570 1845 maris
597 1812 635 1846 et
661 1805 767 1846 lauri
792 1805 997 1860 nigraque
1023 1812 1185 1859 myrtus
1211 1804 1338 1852 olent,

292 1876 370 1903 nec
396 1861 573 1903 densum
599 1862 709 1903 foliis
735 1861 897 1903 buxum
921 1861 1176 1916 fragilesque
1204 1861 1389 1915 myricae

350 1933 428 1959 nec
454 1926 600 1959 tenues
628 1918 749 1973 cytisi
775 1919 971 1972 cultaque
997 1919 1120 1973 pinus
1147 1918 1276 1959 abest.

292 1974 458 2016 lenibus
483 1974 674 2029 inpulsae
700 1975 894 2029 zephyris
921 1989 1106 2028 auraque
1132 1974 1289 2015 salubri

351 2039 412 2072 tot
436 2046 639 2085 generum
666 2031 854 2079 frondes,
882 2031 1095 2085 herbaque
1121 2046 1285 2072 summa
1311 2030 1463 2072 tremit.

203 2101 266 2131 695
293 2098 412 2143 grata
436 2087 554 2141 quies
581 2087 790 2143 Cephalo:
816 2088 984 2129 famulis
1011 2087 1270 2140 canibusque
1297 2087 1450 2128 relictis

349 2145 484 2185 lassus
510 2145 552 2185 in
578 2144 656 2185 hac
682 2144 845 2187 iuvenis
872 2160 996 2199 saepe
1022 2145 1177 2186 resedit
1201 2144 1344 2191 humo,

294 2201 519 2255 ‘quae'que
546 2206 679 2243 ‘meos
705 2202 865 2244 releves
892 2201 1059 2250 aestus,’
1086 2210 1254 2243 cantare
1280 2201 1440 2242 solebat

350 2258 611 2313 ‘accipienda
637 2259 750 2308 sinu,
776 2259 943 2300 mobilis
969 2273 1089 2308 aura,
1116 2257 1239 2299 veni.’

293 2315 484 2369 coniugis
511 2315 563 2356 ad
589 2315 755 2356 timidas
782 2315 931 2369 aliquis
957 2316 1065 2357 male
1092 2315 1263 2356 sedulus
1289 2329 1411 2356 aures

204 2385 266 2414 700
350 2372 513 2413 auditos
539 2372 714 2414 memori
739 2373 898 2414 rettulit
924 2388 994 2414 ore
1020 2387 1158 2413 sonos.

291 2429 461 2470 Procris
485 2437 530 2470 ut
557 2429 718 2484 accepit
742 2444 896 2471 nomen
921 2430 1041 2483 quasi
1065 2429 1237 2484 paelicis
1263 2428 1450 2477 ‘Aurae‚’

350 2485 503 2527 excidit
529 2494 568 2528 et
594 2486 732 2527 subito
756 2494 874 2527 muta
899 2486 1040 2528 dolore
1067 2487 1158 2527 fuit.

292 2542 458 2597 palluit,
485 2550 531 2584 ut
556 2558 673 2585 serae
698 2543 816 2585 lectis
843 2543 894 2585 de
919 2543 1004 2584 vite
1029 2542 1206 2584 racemis

349 2599 582 2653 pallescunt
605 2600 797 2648 frondes,
823 2614 928 2654 quas
953 2614 1063 2641 nova
1087 2599 1208 2641 laesit
1233 2598 1410 2654 hiemps,

203 2669 265 2699 705
293 2669 483 2709 quaeque
510 2671 606 2698 suos
633 2665 809 2698 curvant
833 2664 998 2698 matura
1022 2656 1201 2711 cydonia
1225 2670 1377 2704 ramos,

350 2725 560 2766 cornaque
587 2713 724 2754 adhuc
748 2713 901 2755 nostris
926 2727 1011 2754 non
1037 2713 1136 2754 satis
1162 2720 1261 2768 apta
1286 2713 1402 2754 cibis.

292 2776 336 2809 ut
362 2767 484 2810 rediit
510 2769 694 2819 animus,
720 2777 866 2812 tenues
893 2785 916 2811 a
940 2777 1109 2826 pectore
1135 2779 1273 2811 vestes
1297 2818 1301 2821 ·

1819 2657 1831 3168 Q—*M
