1831 3168
353 248 407 290 36
809 256 853 293 Ρ.
881 256 1026 293 OV1D1
1051 255 1268 292 NASONIS

410 340 513 382 haec
539 347 635 382 sunt
660 339 808 381 officiis
835 339 963 395 digna
988 338 1212 394 sepulchra
1236 339 1367 381 meis?

264 410 325 441 125
352 397 430 438 ibis
458 396 688 452 Cecropios
713 403 879 452 portus,
905 396 1125 451 patriaque
1150 403 1344 451 receptus

409 469 505 495 cum
531 453 692 495 steteris
719 453 867 494 turbae
892 453 1028 494 celsus
1052 453 1096 493 in
1121 466 1193 494 ore
1217 459 1315 495 tuae

353 519 392 552 ct
419 511 525 552 bene
549 509 732 551 narraris
756 510 888 551 letum
913 509 1107 563 taurique
1132 509 1294 562 virique

410 574 607 620 sectaque
632 581 708 622 per
733 566 884 608 dubias
910 581 1037 608 saxea
1062 573 1173 608 tecta
1198 567 1301 615 vias,

351 639 417 665 me
444 638 613 678 quoque
638 631 806 665 narrato
833 624 921 664 sola
945 623 988 664 in
1014 624 1161 665 tellure
1187 623 1395 665 relictam:

263 693 326 724 130
407 695 492 721 non
518 694 598 736 ego
624 696 718 722 sum
744 681 874 722 titulis
900 680 1174 735 subripienda
1198 680 1294 721 tuis.

351 752 429 779 nec
453 744 572 792 pater
597 745 661 779 est
684 738 880 793 Aegeus,
906 752 985 779 nec
1010 746 1055 779 tu
1080 737 1318 779 Pittheidos
1344 738 1532 780 Aethrae

408 795 538 836 filius:
565 802 755 836 auctores
782 810 884 836 saxa
908 795 1148 848 fretumque
1175 795 1248 835 tui.

354 851 395 892 di
420 851 626 901 facerent,
650 859 697 892 ut
722 866 789 893 me
815 867 981 893 summa
1006 852 1057 892 (10
1083 866 1226 906 puppe
1251 852 1434 893 videres:

409 908 611 950 movisset
636 909 774 950 vultus
799 917 961 950 maesta
985 908 1123 962 figura
1148 919 1255 949 tuos.

264 977 326 1007 135
352 980 464 1006 nunc
490 979 659 1019 quoque
684 979 769 1006 non
795 965 946 1014 oculis,
973 966 1047 1006 sed
1072 979 1156 1018 qua
1181 975 1320 1020 poteS,
1347 967 1488 1020 aspice
1514 975 1654 1008 mente

409 1022 652 1064 haerentem
679 1023 869 1077 scopulO‚
896 1037 1023 1075 quem
1049 1037 1159 1077 vaga
1183 1022 1322 1076 pulsat
1347 1037 1477 1076 aqua3

353 1079 493 1134 aspice
519 1079 723 1120 demissos
749 1080 932 1133 lugentis
958 1094 1073 1120 more
1100 1079 1272 1133 capillos

411 1143 450 1178 et
475 1136 639 1177 tunicas
664 1136 846 1177 lacrimis
871 1137 980 1177 sicut
1005 1136 1058 1177 ab
1083 1136 1216 1177 imbre
1241 1135 1402 1190 gravis!

354 1207 506 1248 corpus
532 1200 578 1234 ut
602 1193 795 1248 inpulsae
821 1201 986 1248 segetes
1012 1192 1279 1246 aquilonibus
1304 1193 1459 1243 horret,

264 1262 328 1293 140
410 1250 632 1303 litteraque
657 1249 833 1291 articulo
858 1265 1003 1305 pressa
1028 1257 1230 1291 tremente
1254 1250 1383 1291 labat.

352 1322 437 1348 non
463 1314 502 1348 te
528 1322 603 1362 per
627 1307 823 1348 meritum
848 1331 904 1336 —
929 1306 1127 1361 quoniam
1152 1307 1261 1347 male
1288 1307 1414 1348 cessit
1438 1332 1495 1337 —
1520 1308 1667 1349 adoro:

411 1363 553 1405 debita
577 1363 630 1405 sit
655 1363 767 1405 facto
793 1363 930 1417 gratia
954 1364 1070 1404 nulla
1094 1378 1207 1404 meo:

354 1421 428 1462 sed
452 1435 530 1462 nec
554 1435 691 1476 poena
715 1420 899 1474 quidem.
961 1421 994 1461 si
1019 1434 1104 1461 non
1130 1435 1208 1475 ego
1235 1435 1363 1461 causa
1391 1421 1551 1471 salutis,

409 1492 494 1518 non
519 1484 660 1519 tamen
686 1485 768 1525 est,
795 1492 869 1519 cur
895 1478 950 1518 sis
976 1486 1021 1518 tu
1046 1477 1148 1518 mihi
1174 1492 1302 1519 causa
1326 1479 1453 1519 necis.

263 1545 326 1575 145
352 1533 428 1575 has
454 1534 529 1575 tibi
553 1535 794 1589 plangendo
818 1533 1017 1589 lugubria
1041 1542 1214 1588 pectora
1236 1534 1369 1575 lassas

409 1591 557 1632 infelix
582 1591 709 1632 tendo
735 1598 850 1631 trans
876 1591 985 1632 freta
1008 1592 1137 1646 longa
1161 1606 1330 1632 manus:

352 1647 428 1688 hos
454 1647 549 1696 tibi,
576 1647 649 1701 qui
674 1655 893 1702 superant,
920 1647 1095 1688 ostendo
1119 1655 1280 1689 maesta
1306 1649 1500 1703 capillos:

409 1719 485 1759 per
508 1704 703 1746 lacrimas
730 1718 822 1753 oro,
848 1718 955 1757 quas
980 1712 1053 1745 tua
1078 1704 1192 1745 facta
1216 1714 1409 1746 movent:

353 1761 474 1803 flecte
500 1768 653 1811 ratem,
679 1761 869 1810 Theseu,
895 1775 1102 1814 versoque
1128 1761 1316 1803 relabere
1342 1770 1487 1804 vento:

264 1828 327 1859 150
411 1818 444 1859 si
469 1818 585 1873 prius
611 1818 822 1867 occidero,
849 1826 895 1859 tu
920 1826 1060 1860 tamen
1086 1833 1182 1859 ossa
1205 1818 1330 1860 feres.

355 1988 489 2042 Siqua
514 1995 655 2029 tamen
681 1988 815 2029 caecis
841 1988 1027 2030 enabunt
1055 1989 1210 2043 scripta
1234 1989 1383 2039 lituris,
1576 2002 1711 2036 Canace

410 2044 565 2086 oblitus
591 2059 640 2086 ae
665 2045 860 2086 dominae
887 2046 1014 2087 caede
1039 2045 1207 2087 libellus
1233 2047 1328 2087 erit:
1543 2047 1720 2082 Macareo.

354 2101 502 2144 dextra
528 2109 642 2143 tenet
666 2102 895 2147 calamum,
923 2102 1114 2143 strictum
1140 2111 1254 2144 tenet
1278 2104 1410 2146 altera
1434 2104 1607 2155 ferrum,

411 2166 452 2200 et
475 2158 584 2200 iacet
607 2159 650 2199 in
675 2159 836 2213 gremio
863 2159 1008 2200 charta
1033 2160 1169 2201 soluta
1194 2175 1301 2201 meo.

308 2228 326 2257 5
352 2215 457 2257 haec
483 2223 546 2257 est
571 2215 774 2257 Aeolidos
799 2215 918 2256 fratri
943 2216 1163 2258 scribentis
1189 2217 1344 2273 imago,
1459 2236 1472 2252 ο

411 2273 470 2313 510
495 2272 641 2314 videor
666 2272 770 2313 duro
796 2287 918 2327 posse
943 2273 1109 2328 placere
1135 2274 1256 2328 patri.

352 2330 441 2384 ipse
465 2329 580 2371 necis
607 2343 806 2384 cuperem
830 2338 997 2371 nostrae
1023 2338 1233 2385 spectator
1258 2331 1437 2382 adesset,

411 2386 678 2440 auctorisque
703 2387 835 2428 oculis
861 2386 1101 2441 exigeretur
1126 2402 1245 2442 opus.

353 2451 399 2484 ut
424 2443 538 2485 ferus
565 2452 626 2485 est
651 2444 869 2498 multoque
895 2444 981 2485 suis
1006 2444 1282 2486 truculentior
1307 2445 1432 2495 euris,

288 2512 328 2541 10
411 2507 641 2555 spectasset
666 2500 786 2542 siccis
810 2501 987 2542 vulnera
1010 2510 1154 2543 nostra
1178 2503 1311 2556 genis.

354 2556 510 2598 seilicet
536 2564 599 2598 est
623 2557 801 2611 aliquid,
828 2572 924 2599 cum
950 2558 1086 2600 saevis
1112 2559 1254 2600 vivere
1279 2559 1437 2600 ventis:

411 2614 579 2667 ingenio
605 2614 749 2669 populi
776 2615 973 2656 convenit
997 2616 1067 2657 ille
1093 2616 1170 2656 sui.

353 2670 422 2711 ille
448 2666 559 2711 Noto
587 2671 869 2726 Zephyroque
895 2680 936 2713 et
962 2671 1154 2714 Sithonio
1181 2672 1387 2727 Aquiloni

410 2727 588 2781 imperat
614 2736 654 2768 et
678 2728 836 2781 pinnis,
862 2728 978 2770 Eure
1004 2737 1218 2784 proterve,
1244 2729 1340 2771 tuis.

289 2798 327 2828 15
355 2783 532 2838 imperat
557 2782 700 2837 (heul)
726 2785 880 2826 ventis:
907 2786 1094 2828 tumidae
1119 2800 1203 2827 non
1228 2786 1406 2841 imperat
1431 2785 1536 2835 irae;
