1831 3168
280 225 361 268 168
737 233 779 268 P.
807 233 952 269 05'1131
978 231 1194 268 NASONJS

332 315 605 369 Vanescitque
631 314 784 356 absens
810 321 850 356 et
875 329 1011 356 novus
1037 315 1161 356 intrat
1188 328 1318 355 amor.

277 374 377 415 dum
404 373 628 413 Menelaus
655 372 794 421 abest,
821 372 1008 421 Helene,
1034 386 1086 413 ne
1112 371 1202 413 sola
1227 371 1394 420 iaceret,

186 445 252 475 360
336 429 512 484 hospitis
538 436 601 470 est
625 428 767 483 tepido
793 436 916 470 noete
941 436 1111 484 recepta
1135 428 1244 469 sinu.

275 487 346 541 qui
373 494 520 541 stupor
545 485 632 534 hic,
657 485 876 535 Menelae,
903 485 1008 526 fuit?
1044 494 1089 526 tu
1115 485 1229 526 solus
1256 485 1416 534 abibas,

332 543 465 584 isdem
491 542 570 584 sub
596 543 716 584 tectis
743 542 895 598 hospes
922 549 963 584 et
988 556 1095 583 uxor
1119 543 1264 584 erant?

275 600 463 655 accipitri
489 599 656 640 timidas
684 599 840 649 credis,
866 599 1043 649 furiose,
1070 598 1307 640 columbas!

333 658 505 712 plenum
530 664 731 698 montano
759 657 894 698 credis
921 657 1030 698 ovile
1055 655 1175 711 lupo!

186 729 249 759 365>
276 715 333 755 nil
359 714 525 755 Helene
550 721 717 769 peceat,
743 713 846 754 nihil
872 713 940 755 hic
966 713 1189 755 committit
1217 713 1399 755 adulter:

332 771 447 826 quod
473 778 538 820 tu,
564 770 679 825 quod
705 770 862 812 faceret
889 771 1084 825 quilibet,
1110 770 1178 812 ille
1205 770 1319 812 facit.

277 829 392 884 cogis
418 828 672 869 adulterium
699 827 838 869 dando
864 835 1116 883 tempusque
1141 828 1378 881 locumque.

333 885 435 938 quid
459 884 539 926 nisi
565 885 738 926 consilio
765 892 828 926 est
852 899 930 926 usa
954 885 1095 940 puella
1120 884 1218 925 tuo?

277 942 379 996 quid
404 941 557 983 faeiat?
592 942 657 983 vir
682 941 820 990 abest,
848 949 889 983 et
914 942 1031 983 adest
1058 955 1143 982 non
1167 940 1350 982 rusticus
1376 940 1543 996 hospes,

186 1013 251 1043 370
334 1006 372 1040 et
399 998 519 1040 timet
543 999 587 1040 in
612 1013 747 1040 vacuo
773 999 863 1040 sola
888 999 1042 1041 cubare
1069 1006 1172 1040 toro.

277 1055 429 1097 viderit
452 1056 645 1097 Atrides:
672 1056 868 1097 Helenen
895 1070 974 1111 ego
1000 1055 1173 1097 crimine
1199 1055 1335 1096 solvo:

333 1128 411 1154 usa
436 1120 500 1154 est
524 1112 697 1153 humani
724 1113 1020 1154 commoditate
1045 1112 1136 1153 viri.
1166 1136 1225 1141 —

277 1169 350 1211 sed
376 1184 514 1224 neque
539 1169 682 1211 fulvus
708 1184 809 1224 aper
834 1170 972 1211 media
998 1177 1083 1210 tam
1110 1184 1262 1211 saevus
1288 1170 1331 1210 in
1357 1169 1417 1210 ira
1444 1175 1520 1217 est,

334 1226 537 1268 fulmineo
562 1226 732 1268 rabidos
759 1241 855 1268 cum
880 1234 991 1267 rotat
1016 1241 1086 1268 ore
1113 1241 1251 1275 eaneS‚

186 1297 250 1328 375
276 1298 354 1325 nee
380 1283 464 1332 lea,
491 1298 588 1325 cum
614 1283 765 1325 catulis
790 1283 1042 1325 lactantibus
1068 1283 1200 1324 ubera
1225 1282 1413 1338 praebet,

333 1354 412 1382 nee
436 1340 578 1382 brevis
602 1340 750 1395 ignaro
776 1341 921 1395 vipera
945 1341 1059 1382 laesa
1084 1340 1204 1395 pede,

276 1397 435 1439 femina
460 1412 588 1451 quam
615 1397 716 1438 socii
742 1396 950 1452 deprensa
974 1397 1133 1452 paelice
1160 1396 1256 1438 lecti

335 1454 471 1503 ardet,
498 1461 540 1496 et
564 1454 607 1495 in
628 1454 751 1495 vultu
776 1454 955 1509 pignora
980 1453 1131 1495 mentis
1158 1453 1299 1494 habet.

276 1511 320 1552 in
344 1511 503 1552 ferrum
528 1511 806 1565 flammasque
831 1511 916 1552 ruit
939 1511 1160 1566 positoque
1187 1510 1337 1551 decore

187 1582 253 1613 380
336 1568 482 1618 fertur,
508 1575 555 1609 ut
580 1567 710 1608 Aonii
736 1567 934 1609 cornibus
960 1568 1043 1609 icta
1069 1567 1148 1608 dei.

279 1625 470 1680 coniugis
497 1625 729 1666 admissum
753 1625 994 1679 violataque
1020 1624 1112 1665 iura
1136 1623 1311 1665 maritae

335 1682 516 1723 barbara
540 1696 615 1737 per
638 1690 760 1723 natos
785 1681 966 1723 Phasias
991 1682 1079 1722 ulta
1105 1696 1215 1722 suos

279 1740 410 1781 altera
435 1739 527 1780 dira
549 1754 703 1794 parens
728 1738 834 1780 haec
860 1746 942 1788 est,
969 1753 1096 1793 quam
1123 1738 1276 1786 cernis,
1303 1736 1504 1778 hirundo:

335 1796 496 1850 aspice,
552 1795 767 1851 signatum
792 1795 998 1851 sanguine
1023 1803 1171 1851 pectus
1197 1795 1337 1836 habet.

188 1866 252 1898 335
278 1852 359 1894 hoe
384 1853 492 1894 bene
518 1852 791 1907 compositos,
818 1853 897 1894 hoe
922 1853 1064 1893 firmos
1091 1852 1214 1893 solvit
1240 1865 1422 1892 amores:

336 1909 510 1951 crimina
537 1917 635 1950 sunt
659 1909 793 1950 cautis
817 1910 898 1950 ista
923 1909 1110 1950 timenda
1136 1909 1246 1949 viris.

278 1980 357 2008 nec
381 1980 477 2007 mea
501 1979 576 2006 vos
601 1965 675 2006 uni
700 1965 828 2007 donat
854 1980 1031 2007 censura
1056 1965 1240 2020 puellae:

337 2023 380 2064 di
404 2022 574 2064 melius!
611 2022 684 2063 vix
708 2022 787 2064 hoc
812 2030 945 2078 nupta
970 2030 1111 2063 tenere
1137 2029 1286 2076 potest.

279 2080 429 2129 ludite,
456 2079 531 2121 sed
555 2079 668 2120 furto
694 2079 851 2121 celetur
876 2079 999 2134 culpa
1026 2078 1234 2120 modesto:

190 2150 255 2181 390
336 2136 473 2193 gloria
496 2135 658 2192 peccati
682 2136 800 2178 nulla
824 2136 1006 2191 petenda
1031 2136 1095 2177 sui
1121 2142 1196 2177 est.

280 2208 359 2236 nec
385 2193 550 2235 dederis
576 2208 749 2243 munus,
777 2207 981 2248 cognosse
1007 2193 1120 2246 quod
1146 2193 1276 2233 altera
1301 2191 1445 2246 possit,

337 2266 416 2293 nec
440 2250 523 2291 sint
546 2250 757 2304 nequitiae
783 2258 973 2306 tempora
999 2257 1111 2291 certa
1138 2257 1248 2291 tuae.

282 2315 340 2357 et,
366 2322 419 2349 ne
444 2315 484 2349 te
510 2307 648 2363 capiat
672 2307 843 2349 latebris
869 2307 948 2348 sibi
974 2307 1131 2348 femina
1156 2306 1279 2355 notis,

338 2380 423 2406 non
448 2379 533 2405 uno
559 2372 622 2406 est
648 2365 782 2406 omnis
809 2364 1099 2406 convenienda
1123 2364 1228 2405 loco.

192 2434 256 2465 395
282 2428 323 2464 et
348 2421 541 2476 quotiens
567 2421 744 2470 scribes,
771 2430 878 2463 totas
904 2421 1019 2477 prius
1044 2421 1133 2476 ipse
1160 2420 1335 2462 tabellas

339 2478 510 2534 inspice.
570 2479 665 2533 plus
690 2479 868 2528 multae,
894 2493 1021 2533 quam
1048 2478 1126 2519 sibi
1151 2478 1297 2526 missa,
1323 2478 1482 2531 legunt.

282 2536 397 2577 laesa
422 2536 568 2577 Venus
594 2535 704 2577 iusta
729 2551 846 2577 arma
870 2543 1009 2577 movet
1037 2535 1251 2589 telumque
1277 2533 1449 2575 remittit

341 2601 401 2641 et,
427 2592 553 2633 modo
580 2592 695 2646 quod
720 2600 870 2646 questa
896 2599 978 2641 est,
1003 2591 1094 2648 ipse
1119 2606 1317 2646 querare,
1344 2590 1458 2632 facit.

284 2649 384 2690 dum
410 2648 491 2689 fuit
515 2649 687 2690 Atrides
712 2664 797 2690 una
824 2657 1064 2698 contentus,
1091 2656 1131 2690 et
1156 2649 1227 2689 illa

193 2719 258 2750 400
342 2713 456 2746 casta
481 2705 580 2745 fuit:
607 2706 707 2747 vitio
733 2714 796 2748 est
820 2706 1012 2761 improba
1037 2706 1149 2747 facta
1174 2704 1265 2745 viri.

283 2761 473 2803 audierat
498 2761 748 2817 laurumque
774 2778 903 2804 manu
928 2763 1139 2816 vittasque
1163 2761 1369 2804 ferentem
