1831 3168
405 227 459 270 ‘28
862 234 904 270 P.
933 234 1076 270 ovim
1103 233 1317 270 NASONIS

461 317 704 359 Tantalides
731 324 883 357 matre—s
909 323 1007 370 apta
1033 315 1177 370 rapina
1203 317 1372 357 sumus?

337 390 378 420 03
405 390 487 415 non
514 388 593 428 ego
619 372 805 414 fluminei
831 371 1010 413 referam
1037 371 1256 414 mendacia
1281 373 1418 427 cygni,

461 445 538 472 nec
563 444 714 483 querar
738 429 780 469 in
806 428 959 483 plumis
986 428 1198 470 delituisse
1226 429 1381 470 Iovem.

404 503 487 540 qua
513 487 596 527 duo
622 492 838 540 porrectus
863 485 988 540 longe
1014 485 1121 526 freta
1147 485 1313 527 distinct
1341 485 1541 534 Isthmos,

462 551 583 584 vecta
607 542 839 597 peregrinis
865 541 1153 597 Hippodamia
1179 542 1292 582 rotis.

405 599 572 640 Castori
599 599 832 653 Amyclaeo
859 606 897 640 et
924 598 1157 653 Amyclaeo
1184 598 1347 640 Polluci

335 670 379 699 τι)
461 655 623 697 reddita
648 655 875 710 Mopsopia
899 655 1102 697 Taenaris
1128 655 1232 697 urbe
1258 669 1393 696 soror:

403 713 606 754 Taenaris
633 712 761 753 Idaeo
787 720 899 753 trans
925 726 1110 766 aequora
1135 712 1188 753 ab
1214 712 1375 767 hospite
1403 720 1518 766 rapta

461 768 684 823 Argolicas
709 783 784 824 pro
809 784 854 810 sc
880 769 1001 810 vertit
1026 769 1068 810 in
1094 784 1210 810 arma
1236 784 1397 809 manus.

407 827 475 867 vix
502 825 696 879 equidem
723 826 907 866 memini.
969 825 1138 867 memini
1163 834 1321 867 tamen:
1350 825 1489 866 omnia
1515 825 1665 873 luctus,

464 882 603 923 onmia
629 882 791 923 solliciti
818 883 942 937 plena
966 882 1124 923 timoris
1151 891 1280 924 crant.

339 953 380 983 ῖῑ)
406 940 529 981 flebat
557 954 660 980 avus
685 939 943 992 Phoebeque
969 953 1085 980 soror
1110 939 1344 993 fratresque
1369 939 1549 994 gemelli,

463 996 610 1037 oiabat
635 1011 807 1050 superos
832 995 954 1036 Leda
979 1009 1187 1049 suumque
1213 996 1372 1037 Iovem.

406 1053 497 1108 ipsa
523 1067 620 1108 ego,
646 1068 729 1093 non
754 1053 902 1107 longos
929 1052 1054 1093 etiam
1081 1060 1124 1093 tu
1130 1067 1170 1092 m
1196 1052 1325 1093 scissa
1350 1051 1535 1106 capillos,

463 1110 697 1151 clamabam
724 1109 832 1150 ‘sine
857 1124 943 1157 me,
969 1123 1036 1150 me
1062 1108 1169 1157 sine,
1195 1116 1341 1158 matcl,
1368 1107 1502 1149 abis?

406 1182 503 1207 nam
529 1166 711 1208 coniunx
736 1165 893 1207 aberat.
953 1181 1006 1207 ne
1032 1180 1115 1206 non
1140 1165 1342 1220 Pelopeia
1367 1164 1474 1206 cr·cd
1468 1180 1525 1214 ar,

337 1236 381 1266 80
464 1237 559 1264 ecce
585 1222 862 1277 Neoptolemo
888 1222 1043 1277 praeda
1069 1230 1216 1277 parata
1241 1222 1315 1263 sui.

407 1279 576 1321 Pelides
600 1279 760 1320 utinam
787 1279 960 1321 vitasset
983 1279 1194 1334 Apollinis
1221 1278 1359 1320 arcus!

464 1337 681 1377 damnaret
705 1336 791 1377 nati
818 1335 930 1377 facta
954 1344 1150 1391 proterva
1173 1344 1304 1390 pater.

407 1407 483 1434 nec
509 1393 721 1447 quondam
747 1392 905 1447 placuit
929 1407 1006 1434 nce
1031 1407 1143 1434 nunc
1168 1392 1394 1447 placuisset
1419 1391 1589 1441 Achilli,

464 1450 646 1491 abducta
670 1449 844 1490 viduum
871 1450 1049 1504 coniuge
1075 1450 1173 1491 flere
1200 1449 1348 1490 virum.

337 1519 380 1550 85
407 1521 515 1561 quae
539 1521 634 1548 mea
659 1505 849 1548 caelestis
874 1506 1026 1547 iniuria
1051 1506 1148 1547 fecit
1174 1505 1366 1559 iniquos?

464 1563 631 1617 quodve
657 1562 759 1603 mihi
782 1563 959 1604 miserae
985 1563 1100 1604 sidus
1126 1563 1273 1604 obesse
1300 1562 1476 1616 querar?

406 1635 537 1675 parva
561 1634 656 1661 mea
681 1619 769 1660 sine
793 1626 925 1661 matre
951 1619 1031 1668 fui3
1058 1628 1177 1674 pater
1202 1634 1319 1660 arma
1343 1618 1523 1661 ferebat:

463 1684 504 1717 et
529 1676 611 1717 duo
638 1690 733 1717 cum
760 1676 922 1724 vivant,
950 1676 1051 1717 orba
1077 1675 1242 1717 duobus
1268 1691 1395 1717 eram.

406 1748 490 1774 non
515 1733 590 1774 tibi
614 1732 838 1774 blanditias
864 1732 1027 1788 primis,
1053 1748 1147 1774 mea
1171 1739 1317 1782 mater,
1344 1733 1386 1773 in
1413 1732 1529 1774 annis

338 1803 381 1833 90
463 1790 620 1831 incerto
647 1790 778 1830 dictas
803 1804 873 1831 ore
898 1790 1037 1844 puella
1063 1791 1156 1831 tuli:

407 1861 491 1887 uon
516 1861 595 1901 ego
621 1846 785 1901 captavi
811 1846 1009 1887 brevibus
1035 1856 1107 1887 tua
1132 1847 1239 1887 colla
1263 1847 1457 1894 lacertis„

462 1917 540 1944 nec
563 1903 724 1956 gremio
751 1903 838 1944 sedi
864 1903 1025 1943 sarcina
1051 1911 1170 1958 grata
1196 1911 1286 1943 tuo:

407 1974 491 2000 non
517 1960 653 2000 cultus
678 1958 752 2000 tibi
779 1974 879 1999 cura
904 1960 1004 2000 mei:
1031 1974 1107 2000 nec
1134 1967 1257 2014 pacta
1283 1959 1432 2000 marito

463 2015 615 2056 intravi
639 2015 843 2056 thalamos
868 2024 999 2057 matre
1024 2024 1197 2070 parante
1223 2030 1366 2056 novos.

339 2085 381 2116 95
409 2073 533 2113 obvia
558 2072 795 2127 prodieram
820 2072 964 2113 reduci
991 2072 1080 2121 tibi,
1105 2097 1162 2101 —-
1186 2087 1286 2114 vcra
1311 2073 1476 2114 fatebor
1499 2097 1555 2102 —

464 2144 541 2170 nec
565 2129 694 2170 facies
719 2129 840 2169 nobis
866 2138 966 2170 nota
991 2130 1175 2184 parentis
1201 2129 1307 2170 crat.

408 2195 447 2228 te
472 2194 613 2227 tamen
638 2200 729 2227 esse
755 2186 967 2235 I·‚Ielenen
994 2186 1107 2240 quod
1133 2201 1223 2227 elas
1251 2186 1585 2241 pulcherrima,
1579 2202 1670 2227 ξοιις
1676 2187 1701 2227 i.

463 2243 556 2297 ipsa
581 2242 845 2296 requixebas,
873 2256 981 2296 quae
1007 2252 1079 2284 tua
1104 2251 1203 2284 nata
1228 2243 1347 2284 f·.oict

407 2315 503 2355 pars
529 2299 633 2341 haec
658 2315 743 2340 una
767 2299 887 2340 mihi:
915 2299 1096 2340 coniunx
1121 2299 1228 2340 bene
1255 2300 1377 2340 cessit
1404 2298 1577 2341 Oiestes
1563 2316 1597 2348 ;

318 2369 382 2400 100
462 2357 496 2397 is
523 2370 711 2410 quoque,
737 2356 780 2397 ni
804 2370 880 2411 pro
906 2371 949 2398 se
974 2364 1155 2412 pugnet,
1183 2356 1402 2411 ademptus
1428 2356 1517 2397 erit.

406 2413 428 2453 I
434 2412 597 2468 ’y·r1hus
623 2413 750 2454 habet
775 2421 940 2467 captam
965 2413 1118 2455 reduce
1145 2421 1184 2455 et
1210 2413 1366 2454 xictore
1392 2422 1577 2468 parente.

463 2469 541 2511 hoc
566 2484 720 2511 munus
745 2470 865 2511 nobis
890 2470 1028 2511 diluta
1052 2470 1180 2511 Troia
1204 2470 1308 2510 tulit.

408 2540 503 2567 cum
528 2534 668 2568 tamen
693 2527 800 2568 altus
827 2527 944 2580 equis
970 2527 1096 2568 Titan
1122 2527 1382 2568 radiantibus
1409 2527 1547 2575 instat,

463 2582 577 2637 pe1f1
580 2597 656 2624 ιιοι
679 2583 827 2625 infelix
851 2583 1043 2625 1ἰ1)οιίοι·ο
1070 2584 1197 2625 malo:

318 2652 379 2683 103
406 2653 488 2680 nox
514 2639 586 2679 ubi
610 2655 676 2680 me
703 2640 896 2681 thalamis
923 2641 1154 2682 ululantem
1181 2648 1219 2682 et
1247 2640 1398 2682 acerba
1421 2653 1660 2695 gementem

464 2696 667 2743 condidit,
693 2697 733 2737 in
761 2712 874 2738 maes
859 2705 919 2737 ιο
946 2697 1236 2753 procubuique
1261 2705 1365 2746 toro,

407 2765 481 2806 pro
508 2766 652 2793 somno
678 2753 859 2795 Ιιιοιίιιιὶς
887 2754 995 2796 oculi
1021 2754 1256 2809 funguntul
1281 2753 1450 2802 oboltis‚
