1831 3168
421 269 573 305 ARTIS
599 269 673 304 AM
677 270 834 305 ATORI
838 270 904 304 AB
930 268 1342 304 L113.111.488—575.

255 351 462 393 facundus
489 367 660 393 causam
686 367 809 407 saepe
837 351 997 393 clientis
1024 358 1133 405 agat.

196 408 382 449 carmina
407 409 479 462 qui
505 408 702 457 facimus,
727 409 941 450 mittamus
968 408 1152 449 carmina
1179 414 1354 447 tantum.

253 465 319 506 hic
346 465 498 506 chorus
525 475 620 506 ante
647 466 748 507 alios
776 474 898 521 aptus
924 480 1065 506 amare
1092 478 1250 505 sumus.

194 537 269 562 nos
296 522 473 563 facimus
499 522 676 577 placitae
701 523 782 564 late
809 522 1031 577 praeconia
1055 521 1234 562 formae:

252 593 404 620 nomen
431 579 555 620 habet
580 579 792 628 Nemesis,
820 578 1004 633 Cynthia
1030 592 1181 619 nomen
1208 577 1354 619 habet:

194 651 344 690 vesper
370 644 411 677 ct
436 650 535 677 coae
561 650 713 678 novere
741 635 953 690 Lycorida
978 643 1131 676 terrae:

251 702 289 733 ct
316 692 456 741 multi,
483 708 589 746 quae
616 693 668 733 sit
692 702 834 734 nostra
860 690 1066 740 Corinna,
1092 698 1256 745 rogant.

194 749 301 791 addc
327 749 441 803 quod
467 749 640 791 insidiae
667 749 794 792 saclis
821 765 844 790 ιι
869 748 1035 789 vatibus
1061 747 1227 795 absunt,

250 815 289 848 et
315 806 415 847 facit
441 806 494 847 ad
520 821 655 848 mores
682 822 747 848 ais
775 819 943 860 quoque
968 812 1111 845 nostra
1136 817 1248 844 suos.

191 878 269 905 nec
295 877 370 904 nos
397 863 568 904 ambitio
594 878 670 905 neo
695 878 812 904 amor
835 877 911 903 nos
937 861 1073 916 tangit
1098 859 1301 901 habendi.

251 928 492 975 contempto
519 920 669 962 colitur
692 921 826 962 lectus
853 927 893 961 et
917 918 1068 959 umbta
1092 916 1197 957 foro.

193 977 266 1018 sed
292 976 414 1018 facile
441 976 662 1019 haelemus
687 977 911 1030 validoque
937 974 1175 1030 perurimur
1201 981 1319 1015 aestu

250 1040 290 1074 et
314 1033 491 1074 nimium
516 1043 629 1075 certa
653 1035 807 1076 scimus
833 1047 973 1074 amare
998 1031 1094 1073 fide.

192 1090 350 1132 scilicet
374 1090 590 1145 ingenium
616 1091 781 1146 placida
804 1089 990 1130 mollitur
1015 1088 1068 1129 ab
1095 1096 1196 1136 arte,

249 1155 289 1189 et
315 1147 453 1188 studio
478 1162 615 1189 mores
641 1147 938 1189 convenienter
963 1153 1076 1188 eunt.

190 1204 357 1246 vatibus
384 1205 535 1246 Aoniis
560 1204 704 1247 faciles
730 1212 882 1253 estote,
908 1203 1093 1258 puellae:

247 1276 403 1302 numen
428 1261 535 1303 inest
560 1261 662 1312 illis,
687 1261 964 1315 Pieridesque
990 1260 1148 1301 favent.

191 1326 251 1359 est
277 1318 416 1359 deus
405 1334 448 1359 m
473 1318 612 1366 nobis,
639 1327 680 1361 et
705 1326 802 1360 sunt
827 1316 1077 1360 commercia
1103 1316 1227 1358 caeli:

247 1374 417 1416 sedibus
442 1350 636 1417 aetheriis
662 1375 830 1431 spiritus
855 1375 924 1416 ille
951 1374 1078 1416 venit.

190 1447 213 1472 ιι
240 1431 372 1474 doctis
398 1432 579 1487 pletium
604 1434 740 1475 scelus
766 1441 828 1474 est
854 1446 1020 1487 sperare
1046 1430 1194 1486 poetis.

246 1504 313 1530 me
339 1488 557 1531 miserum!
597 1491 732 1532 scelus
758 1490 838 1531 hoc
862 1489 978 1530 nulla
1002 1488 1144 1543 puella
1168 1487 1300 1528 timet.

193 1544 451 1587 dissimulate
478 1555 637 1596 tamen,
663 1561 741 1589 nec
767 1547 902 1602 prima
926 1546 1062 1586 fronte
1088 1558 1261 1599 rapaces

247 1610 353 1644 este·
379 1617 515 1644 novus
541 1603 630 1645 viso
657 1619 773 1645 casse
799 1603 964 1645 resistet
989 1617 1147 1643 amans.
1172 1625 1230 1629 —

189 1658 262 1701 sed
286 1673 424 1713 neque
450 1668 592 1702 vector
617 1676 793 1715 equum,
821 1660 893 1714 qui
917 1674 1053 1714 nuper
1077 1657 1207 1700 sensit
1231 1657 1417 1699 habenas
1399 1688 1432 1706 ,

247 1717 513 1771 compaiibus
539 1717 668 1759 frenis
694 1717 980 1770 artificemque
1005 1723 1137 1771 reget,

187 1787 266 1815 nec
292 1773 452 1815 stabilis
478 1774 637 1816 animos
664 1774 782 1816 annis
808 1773 1069 1837 viridemque
1094 1773 1311 1814 iuventam

245 1838 292 1871 ut
318 1830 478 1884 capiz‚1s
504 1831 615 1874 idem
640 1831 760 1873 limes
785 1830 976 1886 agendus
1003 1830 1092 1871 erit.

187 1885 256 1928 hic
281 1887 396 1928 rudis
423 1896 463 1929 et
489 1888 635 1930 castiis
660 1902 774 1929 nunc
799 1887 982 1943 primum
1006 1894 1131 1927 notus
1156 1884 1343 1935 Amoris,

246 1944 318 1998 qui
343 1944 478 1999 tetigit
504 1945 710 1987 thalamos
736 1945 894 2000 praeda
917 1944 1083 1985 novella
1109 1951 1217 1992 tuos,

188 2008 228 2042 te
254 2001 387 2041 solam
411 2002 539 2052 norit,
565 2003 641 2044 tibi
666 2017 831 2057 semper
855 2001 1071 2042 inhaereat
1096 1999 1187 2041 uni:

245 2057 453 2112 cingenda
478 2068 540 2100 est
565 2060 658 2101 altis
685 2059 882 2114 saepibus
907 2058 971 2099 ist
965 2073 988 2098 ι
1013 2072 1148 2112 seges.

188 2114 330 2169 effuge
356 2114 548 2158 rivalem:
574 2116 738 2165 vinces,
767 2117 869 2157 dum
895 2116 983 2156 sola
1007 2113 1183 2156 tenebis.

186 2187 188 2190 ’
244 2186 330 2212 non
355 2171 461 2213 benc
488 2187 583 2214 cum
609 2174 732 2214 sociis
759 2188 890 2228 regna
915 2172 1148 2224 Venusque
1174 2177 1359 2211 manent.

187 2227 257 2269 ille
282 2236 402 2269 vetus
427 2229 547 2271 miles
572 2230 726 2271 sensim
752 2239 791 2271 et
817 2229 1027 2284 sapienter
1053 2226 1210 2268 amabit

245 2284 462 2338 multaque
487 2286 612 2327 tironi
641 2301 727 2327 non
751 2285 948 2341 patienda
973 2284 1091 2325 feret.

188 2355 267 2382 nec
291 2340 458 2396 franget
483 2351 624 2397 postes
650 2357 729 2384 nec
754 2342 889 2383 saevis
916 2341 1084 2396 ignibus
1111 2347 1203 2381 uret

246 2411 324 2439 nec
349 2398 543 2440 dominae
568 2408 685 2441 tener
687 2414 732 2440 as
757 2378 957 2463 adpetetD
951 2412 1093 2452 ungue
1118 2411 1264 2451 genas,

188 2468 266 2495 nec
292 2454 455 2497 scindet
479 2456 696 2497 tunicasve
722 2471 819 2497 suas
845 2454 1062 2496 tunicasve
1088 2454 1268 2508 puellae,

245 2526 323 2553 nec
347 2521 492 2567 raptus
517 2513 645 2554 flendi
671 2527 797 2554 causa
822 2511 998 2567 capillus
1026 2511 1115 2552 erit.

187 2567 268 2609 ista
294 2567 444 2611 decent
469 2584 622 2624 pueros
648 2578 783 2611 aetate
809 2577 850 2611 et
876 2583 1016 2610 amore
1042 2568 1244 2609 calentes:

246 2624 314 2666 hic
338 2625 428 2668 fera
453 2627 683 2681 composita
707 2626 882 2667 vulnera
907 2632 1045 2667 mente
1070 2625 1190 2672 feret,

188 2681 358 2736 ignibus
384 2682 452 2724 hic
477 2683 600 2725 lentis
625 2693 782 2733 uretur,
808 2691 855 2724 ut
879 2682 1023 2723 umida
1047 2681 1184 2730 faena,

247 2748 293 2780 ut
318 2739 444 2781 modo
468 2740 678 2781 montanis
703 2740 792 2781 silv·
785 2756 809 2780 ιι
832 2739 966 2781 recisa
989 2738 1114 2793 iugis.

190 2796 341 2839 certior
365 2795 434 2839 hic
459 2811 576 2839 amor
600 2805 682 2846 est,
707 2797 848 2852 gravis
875 2804 915 2838 et
940 2794 1160 2838 fecundior
1184 2794 1266 2836 ille.

1487 259 1569 301 189

1592 817 1659 847 510

1592 1101 1658 1131 :245

1589 1385 1658 1416 550

1588 1670 1655 1699 5515

1588 1953 1655 1983 560

1588 2239 1654 2269 505

1587 2523 1654 2553 570

1587 2808 1653 2838 5ῖό
