1831 3168
376 270 596 308 AMORUM
620 271 715 306 LIB.
743 272 772 306 Ι.
799 271 881 314 vn,
907 271 1101 316 43—V111,
1126 271 1182 306 60.

105 361 252 397 evocat
277 353 458 408 antiquis
483 367 660 408 proavos
687 361 913 404 atavosque
939 350 1168 408 sepulchris

163 420 201 452 et
228 410 402 451 solidam
427 410 554 464 longo
580 410 761 450 carmine
787 409 902 449 findit
930 410 1116 450 humum.

105 466 209 508 haec
234 466 312 507 sibi
340 467 555 520 proposuit
581 466 784 507 thalamos
811 474 1012 507 temerare
1038 466 1226 520 pudicos.

161 538 238 564 nec
264 531 403 564 tamen
429 523 594 576 eloquio
619 522 763 576 lingua
787 532 961 563 nocente
988 531 1111 564 caret.

105 580 190 620 fors
216 594 282 620 me
309 580 487 620 sermoni
513 588 660 620 testem
687 578 812 619 dedit.
873 579 942 619 illa
969 579 1164 619 monebat

162 636 261 676 talia·
284 659 339 664 -
364 650 429 675 me
456 634 642 689 duplices
668 635 887 676 occuluere
913 635 1022 675 fores
1047 658 1102 663 —

106 692 206 732 ‘scis
232 691 329 732 here
356 700 414 738 te,
447 706 540 732 mea
564 691 656 739 lux,
681 690 821 730 iuveni
844 691 1051 744 placuisse
1078 690 1226 732 beato?

163 747 295 788 haesit
320 756 359 788 et
385 747 426 787 iu
451 747 567 787 vultu
593 745 775 787 constitit
801 760 934 797 usque
959 755 1045 786 tuo.

105 812 144 845 et
171 819 244 845 cur
268 818 350 843 non
376 802 570 859 placeas?
606 801 707 841 nulli
733 809 806 841 tua
828 800 964 841 forma
990 802 1174 842 secunda
1199 809 1275 842 est.

162 874 227 900 me
253 859 467 906 miseram,
490 858 644 912 dignus
671 871 842 911 corpore
868 857 1003 897 cultus
1030 857 1167 898 abest!

105 924 189 957 tam
216 915 315 956 felix
342 928 473 961 esses,
499 928 625 967 quam
650 912 969 962 formosissima,
995 913 1165 955 vellem:

161 985 248 1011 non
275 983 370 1024 ego,
396 978 435 1011 te
461 969 571 1010 facta
597 969 746 1018 divite,
770 983 932 1024 pauper
956 984 1039 1011 ero.

105 1027 225 1068 stella
249 1026 324 1067 tibi
350 1026 528 1080 oppositi
552 1025 694 1067 nocuit
720 1025 927 1067 contraria
951 1026 1117 1066 Martis.

163 1083 282 1123 Mars
308 1082 430 1123 abiit:
457 1082 577 1137 signo
602 1096 713 1122 nunc
737 1083 883 1123 Venus
907 1090 1006 1137 apta
1030 1090 1114 1123 tuo.

105 1140 236 1194 prosit
262 1146 307 1179 ut
332 1138 580 1187 adveniens,
606 1153 657 1180 en
682 1138 840 1193 aspice,
867 1137 983 1180 dives
1009 1146 1188 1180 amator:

164 1203 204 1237 te
230 1195 372 1250 cupiit.
433 1209 575 1243 curae,
601 1195 702 1248 quid
727 1194 804 1235 tibi
828 1195 952 1243 desit,
978 1195 1118 1236 habet.

107 1260 169 1294 est
194 1252 320 1293 etiam
344 1251 493 1301 facies,
519 1264 627 1304 quae
653 1266 696 1292 se
721 1251 798 1292 tibi
823 1260 1041 1306 conparet,
1067 1252 1146 1292 illi:

165 1308 199 1349 si
225 1316 265 1349 te
290 1321 373 1348 non
398 1315 582 1363 emptam
607 1308 751 1356 vellet,
778 1308 979 1350 emendus
1005 1308 1120 1350 erat.’

105 1364 286 1408 erubuit.
346 1364 485 1405 ‘decet
510 1364 605 1404 alba
630 1364 799 1417 quidem
824 1365 960 1419 pudor
984 1380 1068 1406 ora.
1129 1363 1204 1406 sed
1228 1365 1319 1413 iste,

163 1421 196 1462 si
222 1420 410 1469 simules,
436 1420 624 1475 prodest:
650 1435 774 1462 verus
799 1421 947 1463 obesse
973 1421 1089 1462 solet.

107 1492 204 1520 cum
228 1477 335 1518 bene
361 1477 532 1518 deiectis
557 1477 765 1532 gremium
791 1478 999 1532 spectabis
1026 1477 1182 1527 ocellis,

164 1542 368 1587 quantum
393 1533 569 1587 quisque
595 1533 721 1582 ferat,
746 1533 1033 1590 respiciendus
1058 1534 1147 1575 erit.

105 1590 282 1631 forsitan
308 1589 553 1637 inmundae,
579 1589 702 1630 Tatio
727 1597 949 1644 regnante,
976 1589 1161 1632 Sabinae

162 1646 370 1687 noluerint
396 1645 555 1686 habiles
579 1646 769 1701 pluribus
794 1661 885 1687 esse
910 1646 1022 1687 viris.

105 1717 218 1745 nunc
242 1702 362 1743 Mars
388 1701 569 1743 externis
594 1702 754 1743 animos
781 1710 946 1744 exercet
970 1702 1012 1743 in
1038 1703 1182 1744 armis:

164 1766 205 1799 at
229 1759 376 1800 Venus
401 1758 575 1800 Aeneae
599 1767 748 1813 regnat
771 1759 814 1800 in
838 1759 942 1800 urbe
968 1759 1046 1799 sui.

105 1815 255 1855 ludunt
280 1815 503 1855 formosae.
564 1824 678 1855 casta
702 1822 783 1863 est,
808 1829 933 1869 quam
959 1829 1082 1856 nemo
1106 1816 1291 1871 rogavit:

163 1879 254 1920 aut,
281 1871 314 1911 si
339 1871 549 1911 rusticitas
574 1886 658 1911 non
683 1879 815 1920 vetat,
840 1871 932 1925 ipsa
956 1878 1090 1926 rogat.

105 1927 181 1968 has
207 1941 393 1981 quoquc,
420 1941 524 1979 quas
548 1926 696 1967 frontis
720 1942 847 1982 rugas
872 1928 915 1968 in
939 1928 1094 1970 vertice
1118 1937 1275 1984 portaS‚

162 1991 330 2025 excute:
363 1983 414 2024 de
439 1983 555 2038 rugis
581 1983 755 2024 crimina
780 1984 912 2024 multa
936 1984 1100 2026 eadent.

103 2040 319 2096 Penelope
343 2039 545 2081 iuvenum
569 2040 678 2081 vires
703 2040 936 2095 temptabat
960 2041 1003 2082 in
1028 2056 1148 2083 arcu:

160 2096 234 2151 qui
257 2098 367 2137 latus
393 2104 608 2151 argueret,
634 2110 809 2138 corneus
836 2111 956 2138 arcus
982 2105 1084 2139 erat.

105 2153 258 2194 labitur
281 2153 445 2194 occulte
470 2152 661 2206 fallitque
686 2153 880 2195 volubilis
906 2161 1034 2202 aetas,

161 2217 202 2250 et
227 2209 337 2251 celer
361 2207 552 2250 admissis
576 2209 730 2250 labitur
754 2225 887 2251 annus
913 2211 1045 2263 equis.

105 2279 202 2306 aera
226 2264 358 2306 nitent
382 2279 475 2306 usu.
534 2266 662 2306 vestis
687 2267 798 2306 bona
822 2267 985 2319 quaerit
1010 2266 1170 2308 haberi.

163 2328 392 2362 canescunt
415 2321 526 2375 turpi
551 2329 660 2363 tecta
684 2322 828 2363 relicta
853 2322 947 2363 situ.

105 2377 258 2425 forma,
283 2376 362 2417 nisi
389 2376 603 2426 admittas,
628 2378 742 2418 nullo
767 2388 987 2420 exercente
1013 2379 1203 2420 senescit.

162 2447 239 2474 nec
265 2433 364 2473 satis
390 2433 563 2474 effectus
588 2448 696 2474 unus
723 2443 762 2474 et
787 2435 890 2475 alter
915 2434 1083 2476 habent.

106 2490 256 2532 certior
281 2504 302 2530 e
327 2488 468 2529 multis
493 2502 573 2529 nec
595 2489 677 2530 iam
702 2489 907 2530 invidiosa
932 2491 1078 2546 rapina
1103 2499 1183 2532 est:

162 2547 286 2601 plena
310 2545 424 2586 venit
449 2544 562 2586 canis
589 2545 639 2586 de
663 2560 794 2602 grege
819 2546 975 2601 praeda
999 2547 1122 2603 lupis.

105 2617 223 2651 ecce,
248 2601 347 2655 quid
374 2601 451 2642 iste
477 2609 572 2642 tuus
597 2613 761 2657 praeter
784 2617 894 2644 nova
919 2604 1103 2645 carmina
1128 2612 1244 2646 vates

164 2658 316 2700 donat?
353 2658 548 2699 amatoris
573 2658 687 2699 milia
711 2660 842 2700 multa
866 2660 994 2715 leges.

105 2715 194 2771 ipse
220 2715 323 2756 deus
348 2722 492 2756 vatum
517 2715 629 2770 palla
653 2716 890 2771 spectabilis
915 2731 1042 2758 aurea

161 2778 312 2813 tractat
335 2770 550 2813 inauratae
576 2786 758 2813 consona
783 2773 852 2814 fila
877 2773 1004 2828 lyrae.

1408 260 1464 303 89

1492 813 1535 844 25

1495 1095 1537 1125 30

1495 1378 1537 1409 35

1495 1658 1538 1687 40

1492 1945 1534 1973 45

1492 2225 1535 2256 50

1493 2507 1535 2537 55

1493 2791 1536 2821 60
