1831 3168
1442 236 1468 277 ΕΟ

426 247 698 285 IIEROIDL'M
723 247 751 281 1.
777 247 946 282 34—115.
974 247 1022 281 ΙΙ.
1050 248 1148 282 1-3.

163 347 271 387 quae
297 337 460 372 tantum
485 330 602 371 lanas
628 344 712 370 non
738 329 845 370 sinat
871 343 960 370 esse
987 328 1124 369 rudes.

105 390 240 437 fallar,
267 396 308 430 et
333 387 411 428 hoc
437 387 593 428 crimen
619 396 764 428 tenues
791 394 987 426 vanescat
1012 385 1054 425 in
1080 399 1216 433 auras,

163 460 288 494 neve,
315 443 550 486 revertendi
577 443 696 492 liber,
721 442 867 483 abesse
894 441 1014 482 velis!
1493 455 1536 485 50

107 518 173 544 me
200 509 318 557 pater
342 500 502 542 Icarius
530 500 656 540 viduo
683 499 896 540 discedere
922 499 1029 539 lecto

166 559 276 613 cogit
302 565 342 599 et
367 557 578 598 inmensas
603 556 791 610 increpat
816 569 949 608 usque
975 569 1126 595 moras.

109 616 295 669 increpet
320 628 454 667 usque
479 611 593 653 licet!
643 621 715 653 tua
740 627 852 658 sum,
879 620 951 651 tua
976 611 1092 651 dicar
1117 618 1295 665 oportet,

167 671 380 724 Penelope
407 669 588 710 coniunx
614 682 780 722 semper
803 666 942 707 Ulixis
968 681 1050 708 erc.

110 728 177 768 ille
204 735 344 768 tamen
368 725 523 780 pietate
548 738 642 765 mea
667 723 945 778 precibusque
971 723 1133 777 pudicis
1495 739 1536 767 gr,

166 783 374 836 frangitur
399 789 439 822 et
465 781 573 821 vires
599 787 804 834 temperat
828 779 917 833 ipse
943 794 1053 820 suas.

110 839 298 881 Dulichii
324 837 541 890 Samiique
568 846 608 878 et
634 850 739 890 quos
764 836 858 876 tulit
883 835 967 876 alta
993 834 1247 890 Zacynthos,

169 895 292 937 turba
316 902 444 935 ruunt
468 894 510 934 in
536 908 602 934 me
627 893 843 933 luxuriosa
867 892 983 946 proci

108 953 235 1006 inque
261 959 334 993 tua
358 958 555 1006 regnant,
580 949 704 990 nullis
731 948 1063 1004 prohibentibus,
1090 948 1204 989 aula:

167 1009 328 1050 viscera
352 1016 512 1054 nostra,
538 1017 635 1047 tuae
661 1006 940 1047 dilacerantur
965 1019 1078 1060 opes.
1499 1019 1540 1049 90

110 1066 212 1120 quid
236 1065 312 1106 tibi
335 1063 591 1105 Pisandrum
616 1063 914 1117 Polybumque
939 1061 1229 1115 Medontaque
1255 1061 1392 1102 dirum

168 1120 511 1176 Eurymachique
538 1119 680 1161 avidas
707 1119 968 1172 Antinoique
994 1134 1144 1159 manus

110 1187 237 1232 atque
263 1178 366 1219 alios
390 1177 582 1225 referam,
609 1190 714 1231 quos
740 1176 874 1217 omnis
900 1175 1077 1230 turpiter
1101 1175 1251 1216 absens

167 1236 257 1290 ipse
283 1242 355 1275 tuo
380 1233 510 1289 partis
535 1233 740 1288 sanguine
765 1232 892 1274 rebus
918 1232 1018 1273 alis?

111 1291 206 1333 Irus
231 1305 360 1347 egens
384 1290 631 1346 pecorisque
657 1289 917 1331 Melanthius
944 1297 1058 1330 actor
1083 1288 1234 1330 edendi
1500 1302 1541 1333 95

167 1348 339 1389 ultimus
365 1347 570 1388 accedunt
595 1347 637 1387 in
662 1355 734 1387 tua
759 1347 913 1387 damna
936 1346 1086 1400 pudor.

111 1412 196 1447 tres
221 1419 367 1446 sumus
391 1403 566 1445 inbelles
591 1417 780 1452 numero,
807 1403 895 1444 sine
922 1402 1080 1443 viribus
1105 1416 1226 1452 uxor,

170 1461 430 1515 Laertesque
456 1475 604 1510 senex,
630 1460 993 1514 Telemachusque
1018 1474 1135 1514 puer.

114 1518 183 1560 ille
208 1533 283 1573 per
307 1517 480 1559 insidias
505 1532 639 1573 paene
665 1524 726 1558 est
751 1517 853 1557 mihi
877 1532 1013 1571 nuper
1038 1517 1272 1570 ademptuS,

170 1574 271 1616 dum
294 1581 416 1630 parat
439 1574 578 1615 invitis
605 1574 798 1615 omnibus
824 1574 882 1614 ire
908 1573 1060 1627 P-ylon.
1502 1585 1566 1616 100

116 1631 177 1679 di,
203 1645 365 1686 precor,
389 1630 470 1671 hoc
494 1630 686 1679 iubeant,
713 1639 757 1670 ut
784 1630 980 1671 euntibus
1007 1629 1150 1670 ordine
1177 1629 1273 1670 fatis

169 1688 237 1729 ille
263 1701 378 1729 meos
405 1686 547 1728 oculos
573 1687 825 1741 conprimat,
851 1686 919 1727 ille
944 1694 1051 1727 tuos.

116 1744 213 1786 hinc
237 1744 400 1785 faciunt
425 1751 649 1797 custosque
676 1743 802 1783 boum
827 1743 1118 1797 longaevaque
1143 1742 1298 1790 nutrix,

169 1801 315 1843 tertius
340 1799 567 1841 inmundae
593 1814 692 1841 cura
716 1799 850 1840 fidelis
877 1799 1016 1840 harae.

112 1857 188 1899 sed
211 1871 348 1911 neque
373 1856 570 1904 Laertes,
596 1865 641 1897 ut
667 1856 739 1910 qui
764 1856 815 1896 sit
840 1856 997 1896 inutilis
1023 1855 1161 1903 armis,
1505 1869 1567 1899 105

170 1914 360 1955 hostibus
384 1913 429 1953 in
453 1913 601 1954 mediis
626 1928 758 1967 regna
783 1922 924 1954 tenere
949 1921 1099 1966 potest,

114 1986 192 2012 nec
216 1970 318 2011 mihi
343 1978 441 2011 sunt
465 1969 574 2010 vires
599 1970 788 2011 inimicos
814 1969 968 2024 pellere
994 1969 1133 2010 tectis:

171 2035 216 2069 tu
242 2027 363 2069 citius
387 2026 551 2075 venias,
576 2034 722 2081 portus
749 2035 788 2067 et
815 2041 917 2067 aura
941 2025 1043 2066 tuisl

116 2083 370 2126 Telemacho
395 2083 554 2132 veniet,
581 2083 696 2124 vivat
721 2083 860 2132 modo,
886 2082 1033 2123 fortior
1057 2090 1191 2123 aetas:

172 2155 284 2181 nunc
309 2147 398 2182 erat
422 2140 586 2181 auxiliis
612 2140 683 2181 illa
708 2140 864 2181 tuenda
889 2140 1032 2194 patris.
1508 2152 1570 2181 110

117 2205 179 2238 est
203 2197 298 2246 tibi,
324 2197 479 2250 sitque,
504 2212 668 2252 precor,
694 2206 862 2252 gnatus,
889 2196 961 2249 qui
985 2196 1182 2237 mollibus
1210 2194 1328 2236 annis

174 2253 216 2294 in
240 2253 397 2308 patrias
422 2262 531 2295 artes
558 2253 810 2295 erudiendus
837 2262 937 2294 erat.

60 2345 63 2347 ,
116 2311 276 2365 respice
301 2310 507 2351 Laerten:
533 2319 580 2351 ut
604 2311 688 2350 iam
714 2326 790 2351 sua
815 2310 974 2350 lumina
1000 2309 1169 2357 condas,

176 2374 411 2408 extremum
435 2366 512 2407 fati
537 2367 713 2408 sustinet
738 2367 806 2408 ille
832 2367 955 2408 diem.

120 2432 231 2464 certe
257 2437 350 2477 ego,
377 2436 485 2475 quae
510 2423 674 2464 fueram
699 2432 739 2464 te
766 2423 1005 2464 dIscedente
1031 2422 1184 2476 puella,
1510 2433 1572 2461 115>

176 2479 368 2534 protinus
393 2487 439 2519 ut
465 2479 621 2528 venias,
646 2478 757 2520 facta
784 2479 959 2520 videbor
984 2493 1100 2519 anus.

774 2580 831 2621 II.

121 2647 321 2701 Hospita,
346 2646 646 2702 Demophoon,
672 2656 744 2688 tua
769 2657 809 2689 te
834 2647 1082 2703 Rhodopeia
1109 2646 1268 2702 Phyllis
1379 2657 1510 2700 Phyllis

178 2703 287 2744 ultra
310 2704 562 2758 promissum
587 2711 752 2759 tempus
779 2704 924 2746 abesse
951 2718 1116 2758 queror.
1316 2702 1576 2748 ΒθηῑΟΡῙῑῡῡΠῖῖ-

124 2770 282 2802 cornua
307 2774 402 2802 cum
427 2761 552 2803 lunae
576 2761 701 2816 pleno
726 2761 855 2803 semel
880 2761 980 2804 orbe
1006 2761 1200 2810 coissent,

1158 2829 1202 2863 10
