1831 3168
328 205 384 246 22
784 215 825 249 Ρ.
853 214 997 249 OVIDI
1023 212 1241 250 NASONIS

239 309 302 340 160
385 294 487 344 filia,
514 302 599 336 tam
624 294 752 343 natis,
777 302 861 336 tam
889 295 939 336 sit
966 295 1118 337 acerba
1143 295 1246 336 viro.

328 365 423 393 cum
449 367 581 400 mare,
609 367 703 392 cum
730 359 860 393 terras
887 351 1212 406 consumpserit,
1239 354 1336 393 a'era
1360 358 1556 409 temptet:

385 416 491 451 erret
516 409 656 463 inops,
683 423 852 462 exspes,
879 408 1006 449 caede
1032 415 1205 449 cruenta
1230 423 1319 450 sua.

327 464 429 506 haec
455 479 554 519 ego,
581 464 777 518 coniugio
803 464 999 506 fraudata
1023 464 1274 514 Thoantias,
1301 479 1386 507 oro.

385 521 511 563 vivite
537 521 689 562 devoto
714 529 931 576 nuptaque
956 521 1103 576 virque
1129 521 1239 562 torol

326 690 398 732 Sic
423 690 496 731 ubi
525 690 614 733 fata
638 700 809 741 vocant,
835 692 930 733 udis
957 693 1143 733 abiectus
1169 692 1211 733 in
1238 692 1377 734 herbis
1573 703 1664 737 Dido

382 747 435 788 ad
460 748 569 789 vada
594 748 818 790 Maeandri
843 749 1024 790 concinit
1050 748 1170 790 albus
1196 749 1304 799 olor3
1546 750 1695 784 Aeneae.

324 819 401 846 nee
427 804 526 857 quia
551 812 590 846 te
616 813 760 847 nostra
784 821 947 861 sperem
974 820 1097 861 prece
1124 820 1246 861 posse
1272 805 1445 856 moveri,

381 861 586 916 adloquor
610 861 808 915 (adverso
833 863 1043 904 movimus
1068 863 1149 904 ista
1174 863 1287 917 deo),

279 931 298 961 5
324 917 398 959 sed
423 918 570 959 merita
595 926 635 960 et
661 918 818 960 famam
845 933 1082 975 corpusque
1108 919 1380 974 animumque
1406 919 1608 975 pudicum

382 989 477 1016 cum
503 975 612 1017 male
638 976 912 1031 perdiderim,
938 976 1113 1031 perdere
1139 976 1269 1017 verba
1292 977 1385 1018 leve
1411 985 1486 1018 est.

325 1038 464 1072 certus
490 1046 533 1073 es
558 1032 618 1074 ire
644 1041 784 1075 tamen
809 1033 1091 1086 miseramque
1116 1032 1352 1086 relinquere
1378 1032 1538 1082 Didon,

381 1095 508 1142 atque
532 1088 644 1131 idem
669 1090 782 1131 venti
808 1090 902 1131 vela
927 1090 1137 1143 fidemque
1162 1089 1324 1131 ferent?

325 1152 462 1186 certus
488 1160 553 1194 es,
579 1146 747 1196 Aenea,
774 1161 869 1188 cum
896 1146 1065 1188 foedere
1092 1146 1253 1188 solvere
1279 1161 1422 1196 naves,

256 1214 297 1244 10
378 1215 571 1256 quaeque
596 1203 669 1244 ubi
696 1203 777 1244 sint
800 1203 936 1245 nescis
963 1203 1070 1244 Itala
1095 1218 1227 1258 regna
1253 1204 1385 1257 sequi,

322 1272 399 1300 nec
424 1272 534 1300 nova
560 1257 796 1315 Carthago,
822 1275 901 1302 nec
927 1268 966 1302 te
992 1260 1223 1302 crescentia
1247 1267 1429 1315 tangunt

379 1315 563 1364 moenia,
589 1331 666 1358 nee
692 1325 858 1372 seeptro
883 1317 1036 1358 tradita
1062 1332 1226 1358 summa
1251 1318 1350 1358 tuo‘?

321 1371 434 1413 facta
459 1372 586 1427 fugis,
612 1373 806 1415 facienda
831 1374 951 1429 petis.
1013 1373 1254 1427 quaerenda
1279 1388 1354 1429 per
1379 1373 1523 1416 orbem

379 1428 522 1478 altera,
547 1430 738 1484 quaesita
764 1439 826 1472 est
851 1431 981 1472 altera
1006 1439 1116 1472 terra
1141 1431 1228 1472 tibi.

255 1498 295 1528 15
322 1491 367 1525 ut
392 1492 546 1527 terram
570 1487 779 1536 invenias,
805 1488 898 1541 quis
925 1502 1018 1529 eam
1043 1487 1118 1528 tibi
1144 1487 1280 1529 tradet
1304 1487 1571 1529 habendam?

378 1542 471 1595 quis
496 1557 572 1584 sua
595 1557 679 1584 non
705 1544 813 1585 notis
839 1559 939 1585 arva
965 1544 1146 1585 tenenda
1172 1544 1314 1585 dabit?

322 1598 426 1639 alter
450 1613 568 1639 amor
592 1600 667 1640 tibi
692 1608 822 1642 restat
847 1600 1066 1641 habendus
1093 1608 1131 1642 et
1158 1601 1289 1642 altera
1313 1600 1448 1642 Dido:

377 1669 589 1710 quamque
613 1656 764 1698 iterum
790 1657 932 1706 fallas,
959 1658 1090 1698 altera
1115 1657 1254 1698 danda
1278 1657 1396 1699 fides.

321 1712 490 1765 quando
515 1713 612 1762 erit,
637 1721 683 1754 ut
710 1714 866 1755 condas
892 1714 1023 1755 instar
1048 1712 1319 1769 Carthaginis
1345 1714 1494 1756 urbem

253 1783 294 1813 ‘20
377 1776 417 1809 et
443 1769 586 1811 videas
611 1772 790 1825 populos
817 1771 924 1812 altus
951 1771 1004 1811 ab
1031 1785 1125 1812 arce
1151 1771 1271 1812 tuos?

320 1825 460 1866 omnia
486 1826 520 1866 si
546 1827 735 1876 veniant,
761 1842 839 1869 nec
864 1835 903 1869 te
930 1835 1003 1868 tua
1027 1834 1126 1868 vota
1151 1835 1378 1877 morentur,

375 1882 488 1923 unde
514 1882 607 1931 tibi,
634 1897 742 1937 quae
767 1891 807 1925 te
834 1884 892 1925 sic
918 1891 1048 1933 amet,
1072 1898 1180 1924 uxor
1205 1884 1306 1925 erit?

321 1952 430 1987 uror,
457 1946 503 1980 ut
527 1939 699 1981 inducto
725 1948 888 1982 ceratae
915 1941 1084 1995 sulpure
1110 1940 1278 1982 taedae:

375 1996 554 2037 Aenean
580 1997 720 2037 animo
746 2011 914 2051 noxque
941 1997 1113 2050 diesque
1139 1996 1279 2038 refert.

252 2066 292 2096 25
320 2051 388 2092 ille
435 2052 605 2106 quidem
630 2053 739 2095 male
764 2062 909 2109 gratus
936 2061 975 2095 et
1001 2054 1054 2094 ad
1079 2069 1173 2095 mea
1198 2069 1373 2097 munera
1399 2054 1566 2104 surdus,

376 2116 417 2149 et
442 2123 544 2162 quo,
571 2109 604 2150 si
629 2124 712 2151 non
739 2111 816 2151 sim
843 2111 986 2159 stulta,
1014 2125 1154 2152 carere
1180 2111 1324 2152 velim:

318 2179 401 2205 non
428 2172 568 2207 tamen
592 2166 791 2216 Aenean,
818 2167 1010 2222 quamvis
1035 2168 1144 2208 male
1171 2168 1346 2222 cogitat,
1372 2168 1461 2209 odi:

375 2222 449 2263 scd
475 2237 627 2276 queror
650 2224 841 2274 infidum,
868 2231 1099 2278 questaque
1125 2224 1245 2279 peius
1271 2240 1378 2266 amo.

318 2293 462 2333 parce,
489 2280 654 2330 Venus,
680 2281 825 2329 nurui,
853 2281 1089 2334 durumque
1115 2281 1367 2336 amplectere
1392 2280 1588 2331 fratrem;

250 2350 292 2380 30
374 2336 504 2377 frater
528 2337 680 2378 Amor:
708 2338 854 2379 castris
880 2338 1027 2379 militet
1054 2338 1122 2379 ille
1148 2338 1244 2387 tuis,

318 2398 457 2445 atque,
483 2408 562 2448 ego
588 2408 672 2448 qua
697 2395 817 2450 coepi
842 2394 1000 2449 (neque
1026 2394 1136 2436 enim
1163 2395 1388 2451 dedignor)
1413 2410 1568 2443 amare,

373 2450 592 2491 materiam
618 2466 742 2494 curae
768 2452 969 2507 praebeat
992 2451 1060 2493 ille
1086 2466 1218 2493 meae.

316 2504 451 2555 fallor,
478 2515 517 2547 et
541 2508 620 2550 ista
645 2509 746 2550 mihi
771 2509 878 2550 falso
903 2509 1081 2550 iactatur
1105 2508 1266 2565 imago:

372 2563 515 2604 matris
543 2565 595 2606 ab
620 2565 790 2621 ingenio
817 2566 988 2608 dissidet
1013 2566 1082 2607 ille
1108 2581 1222 2607 suae.

248 2632 289 2662 35
316 2626 356 2659 te
381 2619 487 2673 lapis
513 2629 553 2662 et
577 2631 738 2663 montes
762 2623 990 2677 innataque
1016 2622 1191 2678 rupibus
1218 2622 1312 2664 altis

372 2676 542 2728 robora,
567 2685 607 2720 te
633 2694 784 2720 saevae
810 2695 1071 2734 progenuere
1096 2679 1211 2721 ferae

316 2740 386 2773 aut
413 2747 548 2784 mare,
573 2736 696 2789 quale
722 2736 838 2777 vides
866 2737 1016 2792 agitari
1041 2750 1154 2777 nunc
1180 2750 1347 2791 quoque
1372 2733 1526 2777 ventis:
