1831 3168
324 176 377 218 70
775 184 818 218 Ρ.
846 183 991 220 OVIDI
1017 183 1237 220 NASONIS

251 283 292 314 60
374 267 573 310 bracchia
597 281 710 308 nunc
735 265 890 308 umeris
916 265 1060 306 umida
1085 265 1195 308 ferre
1220 266 1343 308 meis:

316 340 429 367 nunc
454 325 573 374 dare,
600 338 709 378 quae
735 323 867 373 soleo,
893 323 1073 363 madidis
1099 323 1308 364 velamina
1332 323 1546 373 membris,

374 389 546 438 pectora
570 394 683 422 nunc
707 380 850 421 iuncto
875 387 1018 421 nostra
1042 379 1185 421 fovere
1212 380 1319 429 sinu,

318 439 533 492 multaque
560 444 778 493 praeterea
801 437 948 492 lingua
973 436 1186 478 reticenda
1211 436 1411 486 modeste,

374 509 483 549 quae
508 494 659 536 fecisse
685 494 820 542 iuvat,
847 494 959 535 facta
983 493 1139 535 referre
1165 494 1307 548 pudet.

249 567 289 596 65
316 567 383 594 me
409 550 626 593 miseram!
665 550 805 592 brevis
831 558 892 592 est
918 550 1022 592 haec
1048 558 1089 592 et
1113 564 1197 592 non
1222 565 1323 592 vera
1347 551 1558 607 voluptas.

373 624 472 650 nam
497 616 542 649 tu
568 623 665 650 cum
691 622 838 649 somno
864 622 1030 663 semper
1055 607 1170 649 abire
1196 608 1319 650 soles.

317 666 478 707 firmins
505 680 528 707 o
555 665 699 721 cupidi
724 665 895 707 tandem
921 679 1118 706 coeamus
1144 673 1346 715 amantes,

373 737 452 765 nec
478 731 646 764 careant
673 737 773 764 vera
797 722 956 777 gaudia
979 729 1122 763 nostra
1147 722 1242 764 fide.

316 795 390 822 cur
416 795 495 836 ego
521 787 582 821 tot
607 779 756 820 viduas
782 779 904 834 exegi
930 779 1085 833 frigida
1110 780 1280 820 noctes?

249 852 290 882 70
375 851 450 878 cur
474 837 626 878 totiens
652 852 676 877 a
700 851 788 885 me,
815 836 926 878 lente
951 844 1130 885 natator,
1156 837 1283 877 abes?

316 901 378 936 est
402 909 537 943 mare,
564 893 777 942 confiteor,
803 893 993 934 nondum
1018 893 1236 934 tractabile
1262 893 1400 934 nanti:

372 960 496 992 nocte
522 951 596 992 sed
620 950 817 991 hesterna
842 950 974 991 lenior
999 964 1103 990 aura
1127 949 1220 990 fuit.

316 1022 389 1050 cur
415 1023 465 1049 ea
489 1007 713 1063 praeterita
738 1007 826 1048 est?
863 1020 939 1047 cur
962 1021 1047 1047 non
1073 1017 1250 1047 ventura
1275 1005 1479 1047 timebas?

370 1072 456 1106 tam
483 1065 595 1105 bona
620 1078 694 1105 cur
718 1063 842 1119 periit
866 1077 944 1105 nec
969 1063 1046 1104 tibi
1071 1070 1192 1118 rapta
1218 1063 1286 1104 via
1311 1062 1399 1104 est?

248 1137 287 1167 75
313 1122 505 1177 protinus
530 1129 577 1163 ut
602 1121 745 1162 similis
772 1121 895 1162 detur
919 1120 994 1161 tibi
1020 1120 1142 1174 copia
1167 1134 1328 1169 cursus,

372 1179 452 1220 hoc
477 1179 626 1220 melior
651 1186 781 1227 certe,
808 1191 891 1231 quo
917 1177 1048 1232 prior,
1075 1177 1146 1218 illa
1171 1176 1266 1218 fuit.

315 1240 377 1277 ‘at
403 1236 484 1277 cito
508 1243 671 1277 mutata
696 1243 760 1276 est
784 1234 927 1276 iactati
952 1234 1089 1275 forma
1113 1233 1339 1288 profundi?

371 1301 578 1348 tempore,
605 1306 701 1333 cum
725 1306 943 1347 properam,
971 1306 1096 1346 saepe
1121 1291 1283 1332 minore
1308 1291 1444 1332 venis!

314 1349 383 1391 hio
407 1358 510 1405 puto
538 1349 769 1404 deprensus
794 1348 852 1389 nil
877 1348 991 1402 quod
1017 1347 1249 1402 querereris
1276 1347 1469 1397 haberes,

246 1421 288 1452 80
371 1421 523 1461 meque
548 1406 625 1447 tibi
650 1405 845 1460 amplexo
870 1405 986 1445 nulla
1011 1412 1181 1446 noceret
1205 1404 1382 1460 hiemps.

314 1471 425 1505 certe
452 1477 532 1518 ego
557 1470 647 1504 tum
672 1470 820 1504 ventos
846 1462 1035 1503 audirem
1059 1462 1170 1503 laeta
1196 1461 1383 1503 sonantis

371 1527 412 1561 et
435 1533 668 1574 numquam
693 1519 881 1574 placidas
909 1533 1000 1560 esse
1024 1532 1219 1573 precarer
1244 1532 1389 1572 aquas.

313 1576 416 1631 quid
441 1584 583 1618 tamen
608 1576 767 1625 evenit,
794 1590 869 1616 cur
894 1575 950 1616 sis
975 1576 1228 1617 metuentior
1251 1575 1392 1616 undae

371 1641 744 1688 contemptumque
769 1632 886 1687 prius
911 1646 1024 1673 nunc
1048 1647 1220 1674 vereare
1245 1631 1428 1673 fretum?

244 1707 285 1737 85
311 1707 411 1733 nam
436 1690 609 1732 memini
634 1704 731 1731 cum
756 1697 797 1731 te
823 1704 996 1731 saevum
1022 1689 1217 1731 veniente
1243 1688 1470 1743 minaxque

370 1762 456 1789 non
479 1747 637 1796 minus,
665 1754 738 1788 aut
762 1747 894 1788 multo
920 1761 1005 1787 non
1030 1746 1189 1796 minus,
1217 1760 1376 1800 aequor
1400 1754 1508 1788 erat:

314 1821 410 1847 cum
435 1804 511 1846 tibi
536 1804 773 1845 clamabam
799 1803 878 1844 ‘sic
903 1811 949 1844 tu
974 1803 1221 1845 temerarius
1246 1811 1348 1853 esto,

369 1877 422 1903 ne
447 1861 625 1902 miserae
650 1861 783 1901 virtus
809 1860 862 1901 sit
887 1868 960 1901 tua
984 1860 1124 1902 flenda
1148 1860 1278 1901 mihi.'

312 1919 425 1960 unde
451 1933 586 1959 novus
612 1917 737 1958 timor
761 1916 848 1966 hic,
874 1930 1043 1970 quoque
1068 1917 1139 1958 illa
1163 1916 1342 1957 audacia
1366 1916 1501 1972 fugit?

246 1992 287 2021 90
370 1990 551 2031 magnus
577 1974 651 2015 ubi
677 1982 738 2015 est
765 1974 912 2029 spretis
937 1973 1006 2015 ille
1031 1981 1198 2014 natator
1223 1973 1368 2027 aquis?

313 2033 368 2075 sis
394 2039 533 2073 tamen
559 2031 638 2072 hoc
663 2031 823 2086 potius,
849 2045 978 2085 quam
1003 2031 1116 2085 quod
1142 2031 1257 2086 prius
1285 2045 1375 2072 esse
1401 2031 1582 2080 solebas,

370 2097 411 2131 et
436 2089 566 2130 facias
592 2087 806 2143 placidum
830 2102 905 2143 per
928 2102 1044 2130 mare
1070 2095 1184 2129 tutus
1209 2087 1307 2129 iter:

313 2146 542 2189 dummodo
569 2146 624 2186 sis
649 2145 781 2193 idem3
808 2145 910 2185 dum
935 2144 1014 2192 sic,
1040 2152 1085 2186 ut
1112 2144 1277 2193 scribis,
1304 2159 1507 2194 amemur,

368 2204 621 2257 fiammaque
647 2216 733 2243 non
757 2201 830 2243 fiat
854 2201 1034 2256 frigidus
1060 2202 1131 2243 illa
1155 2201 1273 2243 cinis.

246 2275 286 2305 95
313 2276 398 2302 non
423 2275 502 2316 ego
528 2268 614 2301 tam
640 2266 788 2301 ventos
814 2258 941 2300 timeo
966 2273 1062 2300 mea
1086 2266 1185 2300 vota
1210 2265 1435 2307 morantes,

369 2332 497 2373 quam
523 2317 669 2358 similis
695 2323 821 2358 vento
846 2331 899 2357 ne
924 2323 1022 2357 tuus
1048 2324 1157 2357 erret
1183 2329 1319 2364 amor3

312 2391 364 2418 ne
391 2389 474 2416 non
501 2374 579 2415 sim
604 2374 728 2423 tanti,
754 2380 1038 2429 superentque
1064 2373 1251 2428 pericula
1275 2387 1462 2422 causam,

371 2443 411 2473 et
435 2431 582 2473 videar
605 2445 767 2473 merces
793 2445 884 2472 esse
909 2430 1053 2471 labore
1079 2430 1227 2471 minor.

312 2489 524 2530 interdum
549 2496 713 2538 metuo,
738 2487 874 2543 patria
898 2502 951 2529 ne
975 2487 1140 2536 laedar,
1167 2494 1208 2529 et
1233 2486 1355 2542 inpar

223 2560 288 2591 100
374 2546 488 2587 dicar
512 2545 727 2600 Abydeno
752 2545 939 2586 Thressa
962 2545 1104 2599 puella
1128 2552 1233 2586 toro.

313 2603 422 2644 ferre
448 2610 589 2643 tamen
613 2617 787 2657 possum
811 2601 1039 2657 patientius
1065 2601 1224 2650 omnia,
1249 2615 1377 2655 quam
1403 2599 1440 2640 si

372 2660 456 2700 otia
480 2659 621 2700 nescio
645 2673 730 2713 qua
754 2659 914 2714 paelice
941 2667 1089 2714 eaptus
1115 2658 1220 2714 agis,

312 2717 357 2759 in
383 2725 455 2758 tua
481 2716 515 2757 si
540 2716 715 2758 veniunt
739 2715 865 2758 alieni
891 2716 998 2758 colla
1022 2715 1181 2764 lacerti,
