1831 3168
294 207 374 250 178
748 216 790 250 Ρ.
818 216 962 251 OVIDI
988 213 1204 250 NASONIS

348 298 450 339 hacc
477 312 644 351 quoquc
672 312 767 352 pars
794 297 961 338 monitis
987 297 1215 338 erudienda
1241 297 1340 339 tuis!

292 355 445 410 probra
470 354 774 408 Therapnaeae
801 354 873 408 qui
899 354 1062 395 dixerat
1087 363 1182 395 ante
1210 355 1396 404 maritae,

223 426 265 455 :30
348 426 446 451 mox
473 410 621 451 cecinit
646 411 793 452 laudes
820 411 1082 466 prosperi0rc
1108 411 1211 466 lyra.

291 468 324 508 si
352 467 458 508 benc
485 474 523 508 tc
549 467 647 508 novi
671 491 728 496 —
752 468 887 509 cultas
912 483 964 509 ne
989 467 1109 509 laede
1136 467 1316 522 puellas!
1343 491 1400 498 -—

346 523 501 578 gratia,
529 523 629 564 dum
655 524 791 574 vives,
817 525 897 566 ista
921 524 1103 579 petenda
1128 524 1203 565 tibi
1229 525 1317 565 cst.'

291 581 393 621 dixit
421 588 459 622 ct
487 595 508 622 c
534 588 671 635 myrto
697 580 854 636 (myrto
880 596 979 622 nam
1005 581 1146 622 vincta
1172 581 1345 636 capillos

349 637 610 693 constiterat)
637 638 784 679 folium
809 652 1027 694 granaque
1053 652 1190 693 pauca
1216 638 1342 679 dedit.

222 709 263 737 ῡῑ)
292 694 497 736 sensimus
524 694 706 750 acceptis
731 710 889 737 numen
914 709 1104 749 quoque:
1131 695 1274 750 purior
1300 694 1444 737 aether

346 751 481 800 fulsit,
509 758 549 793 et
574 767 596 793 e
622 758 709 793 toto
734 761 902 807 pectore
929 752 1054 793 cessit
1079 766 1198 793 onus.

290 808 390 848 dum
415 808 516 849 facit
540 808 776 864 ingenium,
801 809 930 864 petite
955 808 1052 850 hinc
1077 815 1322 864 praecepta,
1348 809 1526 864 puellae,

345 880 450 919 quas
476 865 613 920 pudor
638 873 679 907 et
702 866 818 921 leges
845 874 886 908 et
911 881 987 907 sua
1011 866 1104 907 iura
1129 866 1283 907 sinunt.

288 929 488 964 venturae
514 937 718 963 memores
743 923 828 964 iam
852 938 964 964 nunc
989 930 1121 964 estote
1146 930 1360 964 senectae:

222 992 264 1022 60
347 978 404 1020 sic
430 979 590 1020 nullum
617 979 737 1020 vobis
763 988 929 1034 tempus
955 979 1087 1021 abibit
1113 979 1237 1021 iners.

290 1035 389 1076 dum
415 1036 530 1085 licet,
557 1044 598 1077 ct
623 1051 773 1078 vernos
800 1037 1040 1078 etiamnunc
1066 1036 1205 1077 vivitis
1231 1050 1377 1086 annos,

344 1093 488 1134 ludite.
550 1101 650 1134 cunt
676 1093 774 1134 anni
800 1108 914 1135 more
939 1094 1106 1135 fluentis
1132 1107 1281 1147 aquae.

288 1164 365 1191 nec
391 1164 498 1203 quae
524 1150 756 1205 praeteriit,
783 1150 935 1191 iterum
960 1150 1227 1192 revocabitur
1251 1149 1377 1200 unda,

345 1221 423 1247 nec
448 1221 555 1261 quac
582 1207 813 1262 praeteriit,
841 1207 944 1248 hora
968 1207 1103 1249 redire
1129 1214 1278 1262 potest.

220 1276 261 1305 65
288 1262 492 1304 utendum
518 1271 579 1304 est
605 1272 760 1305 aetate:
787 1264 867 1305 cito
893 1264 1000 1318 pede
1025 1264 1180 1304 labitur
1205 1272 1334 1312 aetas,

343 1334 421 1361 nec
447 1320 556 1360 bona
581 1328 665 1361 tam
692 1321 895 1374 sequitur,
922 1335 1049 1374 quam
1075 1320 1186 1361 bona
1211 1321 1347 1375 prima
1371 1320 1463 1362 fuit.

286 1376 362 1417 hos
389 1391 487 1432 ego,
513 1377 585 1430 qui
611 1385 779 1425 canent,
806 1377 979 1418 frutices
1005 1377 1180 1418 violaria
1205 1377 1313 1418 vidi:

343 1433 421 1474 hac
446 1433 547 1473 mihi
574 1433 625 1474 de
652 1433 771 1488 spina
796 1441 917 1488 grata
943 1448 1097 1475 corona
1123 1434 1220 1474 data
1246 1442 1320 1475 est.

286 1497 450 1544 tempus
477 1490 574 1539 crit,
601 1504 685 1544 quo
712 1498 775 1539 tu,
801 1505 909 1544 quae
934 1505 1047 1531 nunc
1073 1490 1260 1531 excludis
1287 1497 1489 1540 amantes,

222 1560 263 1590 70
346 1546 501 1602 frigida
533 1547 698 1588 deserta
722 1556 843 1588 nocte
868 1547 1024 1588 iacebis
1050 1562 1170 1595 anus,

285 1618 360 1644 nec
387 1613 460 1645 tua
484 1603 703 1659 frangetur
728 1611 934 1645 nocturna
957 1604 1084 1645 ianua
1108 1603 1212 1652 rixa,

343 1676 490 1715 sparsa
513 1675 592 1702 nec
616 1661 803 1702 invenies
827 1661 974 1702 limina
998 1676 1122 1702 manc
1148 1675 1255 1701 rosa.

285 1732 413 1771 quam
439 1718 520 1759 cito
545 1716 632 1770 (me
657 1717 897 1772 miseruml)
921 1718 1116 1759 laxantur
1141 1731 1316 1772 corpora
1341 1716 1470 1772 rugis,

343 1782 381 1815 et
409 1774 534 1829 perit,
560 1774 604 1815 in
629 1774 760 1815 nitido
786 1776 858 1829 qui
884 1774 963 1815 fuit
989 1789 1078 1823 ore,
1106 1774 1238 1815 color:

219 1845 258 1874 75
286 1846 474 1885 quasque
500 1831 630 1873 fuisse
655 1831 732 1872 tibi
758 1846 884 1873 canas
911 1847 935 1872 a
961 1831 1121 1886 virgine
1147 1831 1274 1880 iuras,

343 1895 595 1942 spargentur
620 1888 758 1928 subito
785 1903 860 1943 per
885 1895 1011 1943 caput
1038 1903 1160 1929 omne
1188 1902 1346 1928 comae.

286 1944 496 1999 anguibus
523 1944 690 1985 exuitur
715 1945 830 1986 tenui
856 1959 951 1986 cum
978 1945 1086 1999 pelle
1111 1951 1311 1992 vetustas,

342 2016 419 2042 nec
444 2001 606 2042 faciunt
631 2015 776 2042 cervos
803 2015 960 2042 cornua
984 2002 1093 2042 iacta
1119 2016 1260 2042 senes:

285 2067 428 2098 nostra
453 2057 541 2099 sine
568 2057 722 2098 auxilio
748 2057 919 2112 fugiunt
944 2057 1065 2098 bona.
1128 2057 1284 2112 carpite
1310 2056 1469 2106 florem,

219 2128 263 2157 80
345 2114 437 2167 qui,
463 2114 541 2155 nisi
569 2122 736 2169 carptus
764 2114 858 2163 erit,
884 2114 1062 2169 turpiter
1086 2114 1176 2168 ipse
1202 2113 1324 2155 cadet
1347 2138 1404 2143 ——

286 2171 413 2220 adde,
439 2171 553 2224 quod
579 2178 618 2212 et
644 2179 788 2226 partus
814 2171 975 2212 faciunt
999 2171 1193 2212 breviora
1218 2170 1413 2212 iuventae

344 2236 551 2283 tempora:
579 2228 777 2269 continua
802 2243 937 2270 messe
964 2227 1143 2269 senescit
1168 2242 1269 2282 ager
1292 2243 1367 2268 ——:

286 2285 480 2325 Latmius
507 2284 750 2339 Endymion
775 2299 859 2326 non
885 2293 948 2326 cst
972 2284 1067 2334 tibi,
1094 2284 1238 2334 Luna,
1263 2284 1426 2334 rubori3

342 2356 418 2382 nec
445 2340 660 2396 Cephalus
687 2357 830 2384 roseae
856 2341 1013 2397 praeda
1039 2341 1237 2396 pudenda
1262 2341 1384 2390 deae3

217 2411 258 2441 85
286 2406 329 2438 ut
356 2399 531 2447 Veneri,
559 2413 684 2452 quem
710 2398 827 2454 luget
853 2399 1011 2447 adhuc,
1039 2398 1217 2439 donetur
1242 2398 1425 2439 Adonis:

343 2455 453 2497 unde
480 2455 605 2496 habet
630 2455 808 2497 Aenean
834 2455 1197 2508 Harmoniamque
1223 2455 1346 2495 suos?

286 2512 339 2553 ite
366 2527 440 2566 per
466 2512 725 2566 exemplum,
752 2528 886 2567 genus
912 2527 935 2553 ο
962 2512 1156 2560 mortale,
1184 2511 1371 2561 dearum,

342 2568 499 2622 gaudia
523 2583 600 2610 nec
626 2569 789 2624 cupidis
816 2577 955 2611 vestra
978 2576 1130 2623 negate
1156 2568 1268 2609 viris.

286 2634 329 2665 ut
357 2625 440 2665 iam
467 2625 695 2680 decipiant:
722 2625 823 2679 quid
849 2625 1046 2681 perditis?
1084 2624 1224 2665 omnia
1251 2630 1457 2666 constant.

218 2694 260 2724 90
343 2682 453 2723 mille
480 2682 575 2723 licet
601 2690 788 2730 sumant,
814 2682 973 2737 deperit
1000 2681 1096 2722 inde
1122 2681 1237 2722 nihil.

286 2738 511 2778 conteritur
535 2737 714 2788 ferrum,
740 2739 874 2781 silices
902 2746 1128 2781 tenuantur
1153 2738 1206 2779 ab
1231 2753 1330 2779 usu:
