1831 3168
387 245 662 282 HEROIDUM
687 245 750 281 VI.
779 244 970 280 160—164.
998 245 1082 281 VII.
1110 244 1233 279 1—81.
1412 234 1469 277 23

159 341 239 381 quo
266 334 404 369 tamen
430 327 616 368 adversis
642 326 838 368 fluctibus
864 326 921 368 ire
947 341 1084 382 paras.

102 398 185 438 quo
211 383 347 439 fugis?
384 383 521 425 obstat
548 383 729 439 hiemps!
779 383 928 425 hiemis
954 383 1056 424 mihi
1080 384 1216 438 gratia
1242 382 1386 438 prosit.

160 440 315 494 aspice,
340 448 387 481 ut
412 455 578 482 eversas
605 441 785 482 concitet
810 455 935 482 eurus
961 454 1106 494 aquas.
1497 452 1542 482 40

102 497 216 551 quod
241 496 316 537 tibi
338 498 588 547 malueram,
615 497 703 538 sine
728 512 795 538 me
821 497 973 539 debere
1000 496 1210 552 procellis:

160 553 307 594 iustior
331 561 392 594 est
417 554 556 594 animo
582 562 731 595 ventus
758 561 799 595 et
824 554 938 595 unda
964 561 1050 595 tuo.

101 625 186 651 non
212 624 291 665 ego
316 625 407 651 sum
433 611 538 651 tanti
563 610 684 664 (quid
710 610 822 651 enim
847 610 1051 659 verearis,
1077 609 1277 664 iniqueP),

159 675 203 708 ut
230 682 397 722 pereas,
424 668 523 708 dum
550 682 616 708 me
641 682 716 721 per
740 667 847 717 freta
871 667 999 722 longa
1024 667 1151 721 fugis.

105 738 271 765 exerces
298 723 479 778 pretiosa
505 723 601 763 odia
626 731 665 764 et
692 722 926 764 constantia
950 738 1119 777 magno,
1500 736 1541 765 45

161 780 213 829 si,
240 780 340 820 dum
366 794 432 820 me
459 794 619 828 careas,
647 786 709 821 est
733 779 809 819 tibi
835 779 917 819 vile
942 779 1061 820 mori.

102 837 187 878 iam
211 836 325 877 venti
351 843 528 890 ponent,
555 843 768 889 strataque
795 835 1026 888 aequaliter
1052 835 1165 876 unda

159 892 361 934 caeruleis
387 891 536 933 Tliton
561 907 636 947 per
661 907 775 934 mare
802 899 941 933 curret
967 891 1099 945 equis.

101 957 146 991 tu
172 963 339 1004 quoque
366 962 462 990 cum
488 948 623 990 ventis
650 949 810 989 utinam
836 948 1050 990 mutabilis
1077 948 1210 991 55555.

159 1015 198 1048 et
224 1005 303 1047 nisi
329 1005 482 1046 duritia
506 1005 658 1046 robora
684 1005 836 1055 vincis,
862 1005 955 1047 eris.
1501 1019 1546 1049 50

103 1063 206 1116 quid
232 1063 266 1103 si
290 1062 493 1111 nescires,
519 1062 667 1103 insana
692 1062 793 1116 quid
820 1076 1004 1116 aequora
1028 1062 1229 1117 possunt?

161 1127 357 1174 expertae
383 1119 534 1160 totiens
561 1133 687 1173 quam
713 1120 822 1160 male
849 1119 983 1160 credis
1010 1118 1165 1172 aquae!

102 1184 148 1218 ut
173 1177 324 1232 pelago
351 1175 552 1217 suadente
580 1175 704 1217 etiam
731 1176 963 1217 retinacula
988 1176 1141 1225 solvas,

158 1233 291 1274 multa
316 1239 457 1273 tamen
481 1233 592 1274 latus
618 1232 751 1273 tristia
776 1239 929 1287 pontus
955 1232 1096 1274 habet.

101 1305 179 1332 nec
204 1289 383 1331 violasse
408 1289 534 1331 fidem
560 1289 864 1354 temptantibus
890 1303 1075 1343 aequora
1099 1289 1290 1345 prodest:
1502 1303 1547 1333 55

154 1346 358 1401 -pelfidiae
383 1360 540 1400 poenas
567 1346 699 1401 exigit
723 1346 792 1388 ille
818 1346 950 1396 locus,

102 1403 326 1459 praecipue
353 1417 449 1444 cum
474 1403 613 1444 laesus
640 1417 770 1444 amor.
832 1403 931 1457 quia
957 1410 1090 1445 mater
1116 1403 1325 1444 Amorum

160 1460 274 1501 nuda
300 1458 563 1514 Cytheiiacis
590 1459 701 1501 edita
725 1459 858 1502 fertur
884 1460 1017 1514 aquis.

103 1517 266 1572 perdita
290 1531 342 1558 ne
368 1516 563 1571 perdam,
590 1517 735 1566 timeo,
760 1531 991 1559 noceamve
1016 1517 1197 1566 nocenti,

160 1589 242 1615 neu
270 1573 385 1614 bibat
411 1587 641 1626 aequoreas
667 1574 900 1628 naufragus
926 1573 1078 1628 hospes
1105 1588 1249 1628 aquas.
1503 1586 1548 1616 co

103 1630 217 1680 vive,
242 1644 404 1684 precor.
467 1630 525 1671 sic
551 1638 591 1671 te
616 1630 766 1671 melius
793 1645 921 1684 quam
946 1630 1094 1672 funere
1120 1631 1308 1686 perdam.

160 1694 205 1728 tu
230 1686 369 1742 potius
393 1686 465 1728 leti
491 1701 618 1727 causa
642 1686 777 1728 ferere
802 1686 898 1728 mei.

104 1743 236 1798 finge,
263 1758 361 1797 age,
389 1750 428 1784 te
454 1743 602 1798 rapido
626 1767 683 1772 ——
707 1743 871 1784 nullum
897 1743 949 1785 sit
974 1743 1017 1785 in
1043 1743 1181 1786 omine
1206 1742 1391 1798 pondus!
1425 1768 1481 1773 -—-

162 1800 327 1841 turbine
355 1799 576 1854 deprendi:
603 1799 704 1853 quid
729 1800 804 1841 tibi
830 1800 980 1841 mentis
1008 1800 1110 1842 erit?

104 1857 294 1913 protinus
321 1861 542 1897 occ‘urrent
565 1856 697 1898 falsae
723 1856 906 1911 periuria
930 1857 1102 1912 linguae
1504 1870 1546 1900 ῦὸ

161 1921 201 1956 et
225 1913 417 1968 Phrygia
442 1913 556 1953 Dido
582 1913 731 1955 fraude
757 1921 902 1955 coacta
928 1914 1054 1962 mori,

105 1970 295 2025 coniugis
322 1981 417 2011 ante
444 1970 586 2011 oculos
612 1970 812 2025 deceptae
839 1970 966 2012 stabit
990 1971 1132 2026 imago

161 2027 289 2069 tristis
315 2035 355 2068 et
382 2026 526 2068 effusis
554 2027 876 2082 sanguinolenta
903 2028 1045 2069 comis.

107 2084 228 2139 ‘quid
252 2083 356 2125 tanti
382 2091 462 2132 est,
489 2091 625 2125 totum
650 2084 804 2133 1nerui3
832 2084 1068 2126 concedite’
1095 2084 1227 2133 dicas,

163 2155 355 2195 quaeque
382 2141 552 2189 cadent,
577 2141 621 2182 in
646 2148 686 2182 te
713 2141 891 2182 fulmina
914 2142 1042 2183 missa
1067 2141 1214 2197 putes?
1509 2156 1551 2185 ro

107 2198 160 2239 da
186 2198 311 2239 breve
338 2197 536 2239 saevitiae
563 2198 745 2253 spatium
771 2198 995 2253 pelagique
1021 2205 1221 2252 tuaeque:

163 2255 322 2310 grande
348 2269 489 2296 morae
515 2254 697 2309 pretium
722 2262 814 2296 tuta
839 2255 982 2296 futura
1006 2255 1075 2296 via
1100 2262 1175 2296 est.

54 2340 57 2341 ν
107 2326 184 2354 nec
209 2311 312 2352 mihi
336 2318 381 2352 tu
408 2325 546 2352 curae.
608 2326 738 2366 puero
764 2319 963 2366 parcatur
987 2312 1102 2352 Iulo:

165 2375 206 2410 te
232 2368 331 2409 satis
358 2376 420 2410 est
445 2368 612 2409 titulum
639 2368 782 2409 mortis
808 2368 963 2409 habere
989 2383 1121 2410 meae.

109 2425 210 2480 quid
235 2440 340 2480 puer
365 2425 596 2472 Ascanius,
623 2425 724 2478 quid
751 2425 792 2465 di
817 2440 1009 2466 merueie
1034 2423 1245 2466 Penates?
1512 2441 1552 2471 :5

166 2482 335 2537 ignibus
362 2489 526 2535 ereptos
553 2481 703 2522 obruet
727 2481 841 2522 unda
867 2481 994 2522 deos?

110 2518 208 2580 scd.U
208 2552 345 2592 neque
370 2538 455 2579 fers
481 2544 634 2587 tecum,
660 2551 928 2591 nec—quae
955 2537 1069 2587 mihi,
1095 2537 1267 2593 peifide,
1293 2536 1494 2580 iactas—

167 2601 409 2659 plesserunt
433 2608 600 2635 umeros
628 2608 746 2635 sacra
770 2602 990 2649 paterque
1000 2602 1108 2635 tuos.

111 2652 251 2694 onmia
276 2651 481 2700 mentitis3
508 2665 586 2692 nec
612 2651 724 2692 enim
750 2658 823 2692 tua
847 2650 993 2693 fallere
1018 2651 1165 2706 lingua

167 2709 312 2764 incipit
337 2724 362 2750 a
385 2683 528 2772 nobis,
554 2708 773 2763 primaque
799 2707 959 2762 plector
984 2723 1077 2763 ego.
1506 2723 1550 2754 80

111 2767 145 2808 εἰ
172 2781 367 2821 quaeras,
394 2764 468 2806 ubi
494 2764 545 2806 sit
572 2765 743 2806 formosi
769 2771 901 2806 mater
926 2765 1028 2807 Iuli:
