1831 3168
294 210 374 253 153
720 220 763 255 P.
793 220 938 256 ovlm
965 219 1180 256 NASONJS

348 318 478 358 pensa
504 302 605 356 quid
630 302 672 343 in
699 301 867 352 dextra,
894 317 978 357 qua
1003 301 1122 344 cadet
1150 303 1322 351 Hector,
1348 302 1505 346 habes?

198 374 265 404 6205
294 361 402 402 reice
429 360 665 401 succinctos
692 373 868 414 operoso
895 359 1071 400 stamine
1097 359 1234 400 fusos!

347 416 585 470 quassanda
611 424 671 457 est
697 416 777 457 ista
801 416 943 458 Pelias
969 416 1088 457 hasta
1114 431 1254 458 manu.

291 473 398 515 forte
425 481 511 514 crat
538 473 580 513 in
606 473 790 514 thalamo
817 473 936 528 virgo
961 473 1114 528 regalis
1142 473 1308 515 eodem:

347 530 450 571 haec
475 530 593 570 illum
620 539 764 585 stupro
792 530 993 586 comperit
1019 545 1110 572 esse
1136 531 1286 572 virum.

290 587 447 627 viribus
473 587 543 627 illa
568 587 738 641 quidem
765 587 877 628 victa
901 595 965 629 est
989 586 1067 640 (ita
1092 587 1261 630 credere
1287 588 1485 643 oportet),

200 658 264 688 700
347 644 420 685 sed
446 643 578 684 voluit
604 644 714 685 vinci
741 644 899 686 viribus
925 644 996 685 illa
1021 653 1174 686 tamen.

290 716 414 755 saepe
441 701 621 742 ‘manel'
648 701 774 751 dixit,
800 716 895 743 cum
921 702 1005 742 iam
1030 708 1273 756 properaret
1298 701 1508 744 Achilles:

347 757 471 798 fortia
496 773 593 799 nam
619 758 755 813 posito
782 765 1018 813 sumpserat
1044 774 1160 800 arma
1186 759 1290 800 colo.

290 815 351 856 vis
378 815 450 855 ubi
476 829 588 856 nunc
614 815 685 856 illa
710 816 797 857 est?
834 815 936 869 quid
962 815 1117 856 blanda
1143 830 1245 858 voce
1270 815 1445 857 moraris

347 879 561 913 auctorem
587 872 740 927 stupri,
767 872 1014 922 Deidamia,
1041 873 1127 913 tui?

201 942 264 972 505
291 929 449 970 scilicet
474 937 520 970 ut
544 929 681 984 pudor
706 937 767 971 cst
794 930 1003 984 quaedam
1031 929 1219 984 coepisse
1243 929 1440 984 priorem,

347 986 406 1026 sic
431 986 512 1027 alio
537 994 705 1041 gratum
733 994 796 1028 cst
820 987 1045 1042 incipiente
1070 987 1171 1041 pati.

290 1058 332 1091 a,
358 1042 486 1083 nimia
512 1051 572 1084 cst
598 1044 740 1085 iuveni
764 1044 957 1099 proptiae
983 1044 1137 1084 fiducia
1162 1043 1336 1093 fonnae,

347 1107 539 1155 expectat
566 1100 715 1153 siquis,
743 1101 842 1141 dum
873 1101 987 1156 prior
1011 1101 1082 1141 illa
1107 1108 1238 1155 roget.

289 1156 353 1196 vir
377 1156 491 1211 prior
515 1157 707 1205 accedat,
734 1157 797 1198 vir
822 1157 951 1198 verba
976 1157 1191 1212 precantia
1216 1157 1347 1199 dicat:

199 1227 264 1257 710
348 1213 527 1268 excipiat
553 1214 730 1255 blandas
756 1215 929 1255 comiter
953 1214 1023 1255 illa
1048 1229 1205 1268 preces.

290 1278 333 1311 ut
360 1270 541 1325 potiare,
567 1285 671 1326 roga
696 1272 877 1323 (tantum
905 1271 1019 1326 cupit
1044 1271 1114 1312 illa
1139 1270 1298 1326 rogari)
1308 1287 1317 1319 ;

347 1327 400 1368 da
426 1341 597 1368 causam
623 1328 708 1369 voti
733 1328 1069 1383 principiumque
1095 1328 1169 1368 tui.

289 1384 480 1439 Iuppiter
505 1384 558 1425 ad
583 1392 745 1426 veteres
772 1385 949 1439 supplex
974 1385 1168 1426 heroidas
1193 1384 1298 1425 ibat:

346 1441 532 1496 corrupit
555 1456 758 1496 magnum
783 1442 899 1482 nulla
923 1442 1063 1496 puella
1088 1442 1247 1482 Iovem.

199 1510 263 1540 715
291 1497 324 1538 si
349 1504 489 1539 tamen
515 1513 539 1538 a
564 1498 760 1552 precibus
786 1498 968 1539 tumidos
995 1498 1193 1539 accedere
1219 1498 1353 1539 fastus

346 1555 544 1604 senseris,
570 1555 736 1610 incepto
762 1570 886 1610 parce
910 1555 1105 1609 referque
1129 1554 1293 1609 pedem.

289 1611 403 1665 quod
427 1612 602 1667 refugit,
629 1612 786 1653 multae
812 1612 1006 1667 cupiunt:
1034 1612 1180 1661 odere,
1207 1611 1321 1666 quod
1344 1611 1485 1652 instat.

345 1668 481 1710 lenius
507 1669 702 1710 instando
728 1669 866 1711 taedia
891 1669 990 1710 tolle
1015 1669 1088 1709 tui.

288 1740 366 1767 nec
393 1741 559 1780 semper
583 1726 762 1768 Veneris
789 1741 884 1781 spes
911 1733 973 1767 est
997 1725 1233 1781 profitenda
1258 1724 1442 1780 roganti:

199 1794 264 1825 720
344 1782 471 1823 intret
496 1783 704 1824 amicitiae
729 1783 898 1824 nomine
924 1790 1059 1824 tectus
1085 1797 1214 1823 amor.

289 1839 368 1880 hoc
393 1839 509 1879 aditu
535 1839 621 1880 vidi
645 1840 817 1881 tetricae
844 1840 941 1880 data
966 1840 1096 1880 verba
1120 1839 1304 1894 puellae:

346 1896 419 1949 qui
444 1896 582 1937 fuerat
607 1896 753 1944 cultor,
780 1896 916 1937 factus
943 1905 1104 1937 amator
1129 1904 1229 1937 erat.
1256 1919 1312 1924 —-

289 1951 494 1993 candidus
520 1952 563 1992 in
588 1960 717 1993 nauta
742 1953 874 2007 turpis
902 1953 1027 1993 color.
1088 1952 1282 2005 aequoris
1307 1951 1421 1992 unda

347 2008 473 2050 debet
499 2016 541 2050 et
566 2023 589 2049 a
614 2009 742 2050 radiis
768 2009 915 2050 sideris
942 2023 1032 2050 esse
1058 2009 1196 2063 niger:

198 2079 263 2108 725
290 2065 421 2120 turpis
448 2073 489 2106 et
513 2065 741 2120 agricolae,
767 2066 839 2119 qui
864 2080 1033 2107 vomere
1059 2080 1225 2120 semper
1249 2064 1413 2106 adunco

348 2129 388 2163 et
413 2122 614 2176 gravibus
640 2123 784 2163 rastris
811 2123 889 2164 sub
915 2123 1016 2164 Iove
1042 2129 1180 2164 versat
1206 2121 1395 2162 humum.

290 2186 330 2220 et
356 2179 449 2227 tibi,
475 2178 692 2221 Palladiae
718 2180 875 2234 petitur
900 2179 966 2220 cui
991 2179 1131 2234 palma
1156 2192 1348 2227 coronae,

346 2236 524 2277 candida
549 2236 583 2277 si
608 2236 764 2278 fuerint>
788 2250 982 2291 corpora,
1007 2235 1140 2290 turpis
1166 2235 1259 2276 eris.

288 2293 443 2347 palleat
468 2293 603 2334 omnis
629 2308 793 2334 amans.
820 2293 888 2334 1110
914 2300 977 2334 est
1001 2293 1115 2333 color
1139 2300 1261 2347 aptus
1287 2292 1457 2333 amanti.

199 2362 264 2392 730
346 2349 424 2390 hoc
450 2349 590 2399 decet,
615 2350 695 2391 hoc
718 2350 823 2390 nulli
848 2364 932 2390 non
958 2349 1140 2391 valuisse
1165 2356 1325 2405 putent.

288 2382 684 2461 pallidusinDirces
694 2407 809 2448 silvis
836 2406 1004 2448 errabat
1029 2404 1180 2455 011011,

346 2463 561 2517 pallidus
551 2479 594 2504 m
619 2463 731 2505 lenta
756 2463 892 2505 Na'i'de
918 2463 1113 2518 Daphnis
1138 2470 1238 2504 erat.

290 2527 439 2574 :·11guat
464 2527 505 2560 et
529 2520 684 2562 macies
710 2520 909 2561 animum.
970 2534 1047 2561 nec
1072 2527 1194 2574 turpe
1219 2519 1378 2574 putaris

344 2576 561 2630 palliolum
585 2577 762 2618 nitidis
751 2577 989 2632 mposuisse
1014 2576 1157 2617 comis.

199 2645 263 2676 735
290 2639 507 2673 attenuant
531 2633 732 2675 iuvenum
757 2633 955 2689 vigilatae
982 2647 1157 2688 corpora
1181 2639 1324 2674 noctes

346 2702 530 2742 curaque
557 2698 597 2731 et
621 2691 663 2731 in
689 2705 843 2745 magno
869 2690 942 2744 qui
966 2690 1011 2730 fit
1036 2704 1177 2731 amore
1202 2689 1334 2731 dolor.

289 2751 334 2786 ut
358 2753 456 2787 voto
480 2746 640 2800 potiare
666 2754 756 2795 tuo,
759 2726 1030 2788 Dmiserabilis
1057 2754 1158 2795 esto,
