1831 3168
209 815 272 846 265

298 200 383 241 ,⁶202
759 208 800 242 Γ.
830 207 973 243 OVIDI
1000 206 1214 242 NASONIS

358 304 435 332 nec
461 289 600 331 subito
625 288 789 330 Phoebi
816 289 997 344 pallidus
1024 288 1136 329 orbis
1163 287 1252 328 erit.

303 356 344 388 ut
371 346 494 395 solet,
520 359 750 399 aequoreas
775 346 851 387 ibit
876 345 1101 387 Tiberinus
1127 344 1170 385 in
1196 344 1349 384 undas:

358 412 400 444 ut
429 403 552 452 solet,
578 403 620 444 in
646 402 779 444 niveis
806 402 933 444 Luna
958 401 1134 443 vehetur
1159 401 1292 454 equis.

300 460 416 500 nulla
440 467 676 501 recantatas
703 459 913 515 deponent
938 468 1109 514 pectora
1135 472 1271 505 curas,

355 531 434 558 nec
459 516 595 570 fugiet
619 516 716 557 vivo
741 517 942 571 sulphure
969 516 1104 556 victus
1130 527 1259 555 amor.

300 573 401 627 quid
426 580 467 615 te
491 573 730 615 Phasideae
755 573 951 615 iuverunt
977 572 1170 627 gramina
1195 579 1343 620 terrae,

356 645 452 671 cum
479 644 653 686 cuperes
676 631 831 685 patria,
859 628 1029 677 Colchi,
1056 643 1225 669 manere
1251 628 1403 668 domo?

299 687 401 742 quid
427 687 501 728 tibi
527 687 795 743 profuerunt,
823 685 965 736 Circe,
991 685 1214 727 l'e1·se'1'des
1240 684 1410 734 herbae,

356 759 453 786 cum
479 759 554 785 sua
580 744 763 786 Neritias
789 743 961 785 abstulit
988 758 1091 784 aura
1115 742 1252 782 rates?

299 801 441 842 omnia
464 801 624 850 fecisti,
651 816 703 843 ne
729 801 904 842 callidus
930 800 1082 855 hospes
1109 799 1260 840 abiret:

355 858 424 899 ille
449 858 563 899 dedit
590 866 727 900 certae
754 858 881 899 lintea
905 858 1030 912 plena
1055 856 1196 911 fugae.

299 915 440 956 onmia
464 915 620 964 fecisti,
646 931 698 957 ne
723 924 764 956 te
789 915 903 956 ferus
930 921 1070 956 ureret
1094 913 1223 968 ignis:

356 972 508 1027 longus
535 980 576 1013 et
600 972 731 1013 invito
758 980 926 1027 pectore
953 971 1059 1013 sedit
1085 983 1215 1010 amor.

300 1039 460 1071 vertere
487 1036 532 1069 tu
556 1037 725 1084 poteras
751 1029 942 1070 homines
966 1028 1008 1069 in
1033 1027 1146 1068 mille
1172 1026 1343 1081 figuras,

357 1100 441 1126 non
467 1094 634 1140 poteras
660 1086 788 1126 animi
813 1093 975 1127 vertere
1001 1085 1092 1125 iura
1117 1083 1191 1124 tui.

299 1142 448 1184 diceris
475 1142 538 1183 his
565 1143 710 1191 etiam,
737 1157 831 1184 cum
858 1143 940 1183 iam
967 1140 1180 1182 discedere
1206 1140 1346 1189 vellet,

355 1199 605 1241 Dulichium
629 1199 768 1241 verbis
794 1198 1021 1240 detinuisse
1047 1197 1199 1238 ducem

300 1261 403 1297 ‘non
429 1270 522 1311 ego,
547 1256 662 1310 quod
686 1257 820 1311 primo
845 1280 902 1284 —
925 1254 1097 1297 memini
1120 1278 1177 1282 —
1202 1268 1370 1309 sperare
1397 1252 1600 1303 solebam,

355 1314 440 1354 iam
465 1327 625 1368 precor,
651 1321 697 1354 ut
723 1313 906 1355 coniunx
932 1321 977 1353 tu
1003 1326 1121 1352 meus
1147 1325 1238 1352 esse
1264 1311 1380 1352 velis.

234 1384 269 1394 ”·
300 1378 341 1412 et
365 1382 526 1418 tamen,
553 1378 599 1411 ut
624 1370 808 1411 coniunx
834 1384 968 1411 essem
995 1376 1085 1415 tua,
1112 1367 1241 1422 digna
1266 1367 1454 1415 videbar,

358 1427 471 1481 quod
497 1427 595 1477 dea,
621 1427 735 1480 quod
759 1426 904 1480 magni
928 1425 1013 1466 filia
1041 1424 1152 1466 Solis
1177 1439 1305 1465 eram.

300 1498 352 1525 ne
377 1498 597 1539 properes,
624 1497 709 1525 oro.
771 1483 954 1538 spatium
980 1496 1054 1537 pro
1079 1495 1253 1522 munere
1278 1495 1419 1535 posco.

355 1540 458 1594 quid
482 1540 622 1582 minus
647 1540 783 1595 optari
807 1554 882 1594 per
905 1554 1000 1580 mea
1025 1547 1123 1579 vota
1147 1538 1310 1592 potest?

299 1605 340 1639 et
364 1598 472 1639 freta
497 1605 611 1639 mota
635 1597 773 1646 vides,
800 1604 838 1638 et
867 1596 995 1637 debes
1019 1595 1091 1636 illa
1115 1594 1276 1636 timere.

356 1654 497 1695 utilior
522 1654 624 1696 velis
650 1653 873 1710 postmodo
897 1660 1047 1694 ventus
1074 1651 1163 1693 erit.

300 1725 409 1765 quae
434 1711 509 1752 tibi
535 1726 664 1753 causa
688 1710 843 1766 fugae?
868 1724 952 1751 non
978 1709 1045 1750 hic
1070 1723 1180 1749 nova
1205 1708 1334 1750 Troia
1358 1708 1556 1764 resurgit,

356 1783 442 1809 non
467 1768 617 1823 aliquis
643 1768 778 1809 socios
803 1782 948 1808 rursus
974 1766 1027 1808 ad
1053 1781 1170 1807 arma
1194 1774 1330 1807 vocat.

300 1825 368 1866 hic
393 1839 511 1866 amor
536 1834 577 1867 et
602 1840 685 1879 pax
711 1832 792 1874 est,
818 1825 860 1865 in
886 1838 970 1877 qua
993 1823 1103 1864 male
1129 1822 1326 1864 vulneror
1351 1837 1448 1872 una,

357 1890 529 1935 totaque
555 1882 633 1922 sub
659 1896 790 1936 regno
816 1890 927 1922 terra
951 1881 1094 1921 futura
1119 1887 1191 1920 tuo
1218 1879 1307 1920 est.'

259 1952 270 1965 ³
300 1939 370 1980 illa
394 1938 664 1992 loquebatur:
690 1953 842 1979 navem
869 1936 1059 1978 solvebat
1083 1935 1252 1976 Ulixes:

356 1995 481 2035 inrita
507 2009 603 2036 cum
628 1995 731 2036 velis
757 1994 887 2035 verba
911 1993 1043 2034 tulere
1068 1992 1169 2032 noti.

301 2052 419 2093 ardet
445 2059 484 2093 et
510 2051 706 2093 adsuetas
733 2049 856 2092 Circe
883 2049 1065 2091 decurrit
1091 2048 1145 2089 ad
1171 2056 1293 2098 artes,

358 2123 435 2150 nec
460 2116 601 2150 tamen
627 2116 689 2150 est
713 2108 794 2149 illis
820 2107 1073 2148 adtenuatus
1099 2120 1228 2146 amor.

302 2180 402 2221 ergo
428 2165 619 2219 quisquis
644 2179 768 2220 opem
793 2172 936 2205 nostra
961 2163 1036 2204 tibi
1062 2162 1199 2217 poscis
1225 2160 1279 2202 ab
1306 2168 1407 2210 arte,

360 2222 479 2263 deme
505 2222 718 2264 veneficiis
745 2220 1085 2273 carminibusque
1110 2219 1250 2260 fidem.
1274 2242 1333 2247 —

302 2279 336 2320 si
361 2288 401 2321 te
428 2293 557 2333 causa
581 2287 730 2334 potens
756 2278 925 2319 domina
949 2275 1144 2318 retinebit
1169 2275 1213 2316 in
1237 2274 1355 2323 urbe,

360 2336 523 2391 accipe,
550 2336 770 2378 consilium
797 2334 910 2388 quod
936 2334 986 2375 sit
1012 2333 1054 2374 in
1080 2332 1185 2374 urbe
1210 2346 1365 2373 meum,

302 2393 484 2449 optimus
510 2393 579 2435 ille
604 2392 684 2434 fuit
709 2392 883 2440 vindex,
909 2389 1118 2432 laedentia
1142 2396 1289 2444 pectus

359 2450 528 2491 vincula
554 2450 626 2504 qui
650 2449 763 2505 rupit
789 2448 1060 2501 dedoluitque
1086 2445 1228 2488 semel.

236 2520 271 2547 (Γ
303 2506 407 2548 sicui
433 2514 595 2548 tantum
622 2506 749 2548 animi
775 2513 851 2554 est,
877 2505 993 2546 illum
1020 2502 1205 2543 mirabor
1230 2510 1271 2544 et
1295 2502 1399 2557 ipse,

361 2572 399 2604 ct
427 2563 564 2605 dicam
591 2563 778 2604 ‘monitis
803 2577 887 2603 non
913 2568 1009 2616 eget
1033 2560 1111 2601 iste
1136 2559 1267 2600 meis.'

302 2630 347 2660 tu
374 2620 494 2670 mihi,
522 2620 613 2674 qui,
639 2619 753 2674 quod
779 2634 914 2667 amas,
942 2632 1067 2673 aegre
1094 2616 1274 2658 dediscis
1300 2628 1456 2664 amare,

358 2690 436 2717 nec
462 2685 598 2732 potes,
626 2686 665 2718 et
691 2677 820 2718 velles
845 2689 988 2730 posse,
1015 2673 1229 2714 docendus
1256 2672 1349 2714 eris.

303 2747 428 2787 saepe
453 2733 563 2775 refer
587 2742 726 2775 tecum
753 2733 978 2775 sceleratae
1004 2730 1116 2772 facta
1139 2729 1319 2786 puellae,
