<?xml version="1.0" encoding="UTF-8"?>
<!DOCTYPE html PUBLIC "-//W3C//DTD XHTML 1.0 Transitional//EN"
    "http://www.w3.org/TR/xhtml1/DTD/xhtml1-transitional.dtd">
<html xmlns="http://www.w3.org/1999/xhtml" xml:lang="en" lang="en">
 <head>
  <title>
</title>
<meta http-equiv="Content-Type" content="text/html;charset=utf-8" />
  <meta name='ocr-system' content='tesseract 3.04.00' />
  <meta name='ocr-capabilities' content='ocr_page ocr_carea ocr_par ocr_line ocrx_word'/>
</head>
<body>
  <div class='ocr_page' id='page_1' title='image "./carminao01oviduoft_0132.png"; bbox 0 0 1831 3168; ppageno 0'>
   <div class='ocr_carea' id='block_1_1' title="bbox 368 223 1281 270">
    <p class='ocr_par' dir='ltr' id='par_1_1' title="bbox 368 223 1281 270">
     <span class='ocr_line' id='line_1_1' title="bbox 368 223 1281 270; baseline 0.007 -6"><span class='ocrx_word' id='word_1_1' title='bbox 368 223 450 265; x_wconf 83' lang='grc'>112</span> <span class='ocrx_word' id='word_1_2' title='bbox 820 233 863 268; x_wconf 83' lang='grc' dir='ltr'>Ρ.</span> <span class='ocrx_word' id='word_1_3' title='bbox 892 234 1037 270; x_wconf 83' lang='lat' dir='ltr'>OVIDI</span> <span class='ocrx_word' id='word_1_4' title='bbox 1062 233 1281 270; x_wconf 80' lang='lat' dir='ltr'>NASONIS</span> 
     </span>
    </p>
   </div>
   <div class='ocr_carea' id='block_1_2' title="bbox 296 315 1533 1170">
    <p class='ocr_par' dir='ltr' id='par_1_2' title="bbox 296 315 1533 1170">
     <span class='ocr_line' id='line_1_2' title="bbox 319 315 1443 370; baseline 0 -11"><span class='ocrx_word' id='word_1_5' title='bbox 319 329 338 359; x_wconf 84' lang='lat'>5</span> <span class='ocrx_word' id='word_1_6' title='bbox 366 329 474 369; x_wconf 83' lang='lat' dir='ltr'>quae</span> <span class='ocrx_word' id='word_1_7' title='bbox 499 315 636 370; x_wconf 86' lang='lat' dir='ltr'>prima</span> <span class='ocrx_word' id='word_1_8' title='bbox 661 315 842 357; x_wconf 78' lang='lat' dir='ltr'>instituit</span> <span class='ocrx_word' id='word_1_9' title='bbox 866 322 1032 358; x_wconf 87' lang='lat' dir='ltr'>teneros</span> <span class='ocrx_word' id='word_1_10' title='bbox 1057 316 1292 359; x_wconf 86' lang='lat' dir='ltr'>convellere</span> <span class='ocrx_word' id='word_1_11' title='bbox 1318 316 1443 369; x_wconf 88' lang='lat' dir='ltr'>fetus,</span> 
     </span>
     <span class='ocr_line' id='line_1_3' title="bbox 422 372 1163 428; baseline 0.003 -16"><span class='ocrx_word' id='word_1_12' title='bbox 422 372 571 414; x_wconf 85' lang='lat' dir='ltr'>militia</span> <span class='ocrx_word' id='word_1_13' title='bbox 595 372 735 414; x_wconf 84' lang='lat' dir='ltr'>fuerat</span> <span class='ocrx_word' id='word_1_14' title='bbox 759 373 889 428; x_wconf 88' lang='lat' dir='ltr'>digna</span> <span class='ocrx_word' id='word_1_15' title='bbox 912 373 1048 428; x_wconf 87' lang='lat' dir='ltr'>perire</span> <span class='ocrx_word' id='word_1_16' title='bbox 1074 388 1163 415; x_wconf 88' lang='lat' dir='ltr'>sua.</span> 
     </span>
     <span class='ocr_line' id='line_1_4' title="bbox 365 429 1391 485; baseline 0.002 -15"><span class='ocrx_word' id='word_1_17' title='bbox 365 429 542 479; x_wconf 89' lang='lat' dir='ltr'>scilicet,</span> <span class='ocrx_word' id='word_1_18' title='bbox 568 436 616 471; x_wconf 86' lang='lat' dir='ltr'>ut</span> <span class='ocrx_word' id='word_1_19' title='bbox 640 437 782 472; x_wconf 90' lang='lat' dir='ltr'>careat</span> <span class='ocrx_word' id='word_1_20' title='bbox 805 445 1008 485; x_wconf 84' lang='lat' dir='ltr'>rugarum</span> <span class='ocrx_word' id='word_1_21' title='bbox 1034 431 1207 472; x_wconf 89' lang='lat' dir='ltr'>crimine</span> <span class='ocrx_word' id='word_1_22' title='bbox 1233 438 1391 481; x_wconf 87' lang='lat' dir='ltr'>venter,</span> 
     </span>
     <span class='ocr_line' id='line_1_5' title="bbox 423 487 1312 543; baseline 0.001 -16"><span class='ocrx_word' id='word_1_23' title='bbox 423 493 631 528; x_wconf 83' lang='lat' dir='ltr'>sternetur</span> <span class='ocrx_word' id='word_1_24' title='bbox 654 501 827 543; x_wconf 81' lang='lat' dir='ltr'>pugnae</span> <span class='ocrx_word' id='word_1_25' title='bbox 851 487 979 528; x_wconf 86' lang='lat' dir='ltr'>tristis</span> <span class='ocrx_word' id='word_1_26' title='bbox 1005 487 1165 529; x_wconf 83' lang='lat' dir='ltr'>harena</span> <span class='ocrx_word' id='word_1_27' title='bbox 1189 488 1312 529; x_wconf 82' lang='lat' dir='ltr'>tuae?</span> 
     </span>
     <span class='ocr_line' id='line_1_6' title="bbox 365 543 1363 600; baseline 0.002 -16"><span class='ocrx_word' id='word_1_28' title='bbox 365 543 399 584; x_wconf 87' lang='lat' dir='ltr'>si</span> <span class='ocrx_word' id='word_1_29' title='bbox 423 557 515 584; x_wconf 84' lang='lat' dir='ltr'>mos</span> <span class='ocrx_word' id='word_1_30' title='bbox 541 543 725 598; x_wconf 81' lang='lat' dir='ltr'>antiquis</span> <span class='ocrx_word' id='word_1_31' title='bbox 751 544 980 600; x_wconf 76' lang='lat' dir='ltr'>placuisset</span> <span class='ocrx_word' id='word_1_32' title='bbox 1004 545 1210 586; x_wconf 85' lang='lat' dir='ltr'>matribus</span> <span class='ocrx_word' id='word_1_33' title='bbox 1236 545 1363 595; x_wconf 88' lang='lat' dir='ltr'>idem,</span> 
     </span>
     <span class='ocr_line' id='line_1_7' title="bbox 297 600 1288 657; baseline -0.001 -13"><span class='ocrx_word' id='word_1_34' title='bbox 297 614 338 645; x_wconf 88' lang='lat'>10</span> <span class='ocrx_word' id='word_1_35' title='bbox 420 615 526 656; x_wconf 83' lang='lat' dir='ltr'>gens</span> <span class='ocrx_word' id='word_1_36' title='bbox 552 600 771 642; x_wconf 87' lang='lat' dir='ltr'>hominum</span> <span class='ocrx_word' id='word_1_37' title='bbox 796 601 898 642; x_wconf 91' lang='lat' dir='ltr'>vitio</span> <span class='ocrx_word' id='word_1_38' title='bbox 924 602 1165 657; x_wconf 82' lang='lat' dir='ltr'>deperitura</span> <span class='ocrx_word' id='word_1_39' title='bbox 1189 601 1288 643; x_wconf 88' lang='lat' dir='ltr'>fuit:</span> 
     </span>
     <span class='ocr_line' id='line_1_8' title="bbox 364 658 1483 714; baseline 0.002 -16"><span class='ocrx_word' id='word_1_40' title='bbox 364 658 521 712; x_wconf 90' lang='lat' dir='ltr'>quique</span> <span class='ocrx_word' id='word_1_41' title='bbox 546 658 699 700; x_wconf 86' lang='lat' dir='ltr'>iterum</span> <span class='ocrx_word' id='word_1_42' title='bbox 725 658 881 701; x_wconf 85' lang='lat' dir='ltr'>iaceret</span> <span class='ocrx_word' id='word_1_43' title='bbox 906 659 1073 714; x_wconf 86' lang='lat' dir='ltr'>generis</span> <span class='ocrx_word' id='word_1_44' title='bbox 1098 659 1327 714; x_wconf 86' lang='lat' dir='ltr'>primordia</span> <span class='ocrx_word' id='word_1_45' title='bbox 1352 667 1483 701; x_wconf 78' lang='lat' dir='ltr'>nostrl</span> 
     </span>
     <span class='ocr_line' id='line_1_9' title="bbox 419 715 1331 771; baseline 0.001 -15"><span class='ocrx_word' id='word_1_46' title='bbox 419 715 463 756; x_wconf 88' lang='lat' dir='ltr'>in</span> <span class='ocrx_word' id='word_1_47' title='bbox 488 730 623 757; x_wconf 85' lang='lat' dir='ltr'>vacuo</span> <span class='ocrx_word' id='word_1_48' title='bbox 648 715 811 770; x_wconf 87' lang='lat' dir='ltr'>lapides</span> <span class='ocrx_word' id='word_1_49' title='bbox 838 716 958 765; x_wconf 85' lang='lat' dir='ltr'>orbe,</span> <span class='ocrx_word' id='word_1_50' title='bbox 984 716 1198 771; x_wconf 86' lang='lat' dir='ltr'>parandus</span> <span class='ocrx_word' id='word_1_51' title='bbox 1225 716 1331 758; x_wconf 77' lang='lat' dir='ltr'>erat!</span> 
     </span>
     <span class='ocr_line' id='line_1_10' title="bbox 363 772 1489 828; baseline 0.001 -16"><span class='ocrx_word' id='word_1_52' title='bbox 363 772 458 826; x_wconf 85' lang='lat' dir='ltr'>quis</span> <span class='ocrx_word' id='word_1_53' title='bbox 482 772 644 814; x_wconf 84' lang='lat' dir='ltr'>Priami</span> <span class='ocrx_word' id='word_1_54' title='bbox 669 773 866 828; x_wconf 81' lang='lat' dir='ltr'>fregisset</span> <span class='ocrx_word' id='word_1_55' title='bbox 891 787 1012 827; x_wconf 83' lang='lat' dir='ltr'>opes,</span> <span class='ocrx_word' id='word_1_56' title='bbox 1039 773 1073 814; x_wconf 86' lang='lat' dir='ltr'>si</span> <span class='ocrx_word' id='word_1_57' title='bbox 1099 788 1256 815; x_wconf 88' lang='lat' dir='ltr'>numen</span> <span class='ocrx_word' id='word_1_58' title='bbox 1281 788 1489 827; x_wconf 84' lang='lat' dir='ltr'>aquarum</span> 
     </span>
     <span class='ocr_line' id='line_1_11' title="bbox 419 829 1339 885; baseline 0.001 -15"><span class='ocrx_word' id='word_1_59' title='bbox 419 829 530 870; x_wconf 89' lang='lat' dir='ltr'>iusta</span> <span class='ocrx_word' id='word_1_60' title='bbox 554 837 791 872; x_wconf 82' lang='lat' dir='ltr'>recusasset</span> <span class='ocrx_word' id='word_1_61' title='bbox 815 831 1004 885; x_wconf 87' lang='lat' dir='ltr'>pondera</span> <span class='ocrx_word' id='word_1_62' title='bbox 1029 830 1139 872; x_wconf 85' lang='lat' dir='ltr'>ferre</span> <span class='ocrx_word' id='word_1_63' title='bbox 1164 830 1339 872; x_wconf 73' lang='lat' dir='ltr'>Thetis?</span> 
     </span>
     <span class='ocr_line' id='line_1_12' title="bbox 296 885 1376 942; baseline 0.002 -16"><span class='ocrx_word' id='word_1_64' title='bbox 296 900 336 930; x_wconf 81' lang='lat'>15</span> <span class='ocrx_word' id='word_1_65' title='bbox 362 885 443 926; x_wconf 80' lang='lat' dir='ltr'>Ilia.</span> <span class='ocrx_word' id='word_1_66' title='bbox 467 886 501 928; x_wconf 87' lang='lat' dir='ltr'>si</span> <span class='ocrx_word' id='word_1_67' title='bbox 527 886 688 928; x_wconf 89' lang='lat' dir='ltr'>tumido</span> <span class='ocrx_word' id='word_1_68' title='bbox 713 888 904 942; x_wconf 87' lang='lat' dir='ltr'>geminos</span> <span class='ocrx_word' id='word_1_69' title='bbox 930 887 973 928; x_wconf 88' lang='lat' dir='ltr'>in</span> <span class='ocrx_word' id='word_1_70' title='bbox 999 895 1145 929; x_wconf 80' lang='lat' dir='ltr'>ventre</span> <span class='ocrx_word' id='word_1_71' title='bbox 1170 896 1376 937; x_wconf 86' lang='lat' dir='ltr'>necasset,</span> 
     </span>
     <span class='ocr_line' id='line_1_13' title="bbox 421 944 1305 986; baseline 0 -2"><span class='ocrx_word' id='word_1_72' title='bbox 421 957 596 985; x_wconf 86' lang='lat' dir='ltr'>casurus</span> <span class='ocrx_word' id='word_1_73' title='bbox 623 944 817 986; x_wconf 85' lang='lat' dir='ltr'>dominae</span> <span class='ocrx_word' id='word_1_74' title='bbox 843 944 1036 985; x_wconf 84' lang='lat' dir='ltr'>conditor</span> <span class='ocrx_word' id='word_1_75' title='bbox 1060 944 1177 984; x_wconf 80' lang='lat' dir='ltr'>ulbis</span> <span class='ocrx_word' id='word_1_76' title='bbox 1203 953 1305 985; x_wconf 88' lang='lat' dir='ltr'>erat.</span> 
     </span>
     <span class='ocr_line' id='line_1_14' title="bbox 363 999 1453 1056; baseline 0.002 -16.002"><span class='ocrx_word' id='word_1_77' title='bbox 363 999 398 1040; x_wconf 86' lang='lat' dir='ltr'>si</span> <span class='ocrx_word' id='word_1_78' title='bbox 423 1000 570 1042; x_wconf 90' lang='lat' dir='ltr'>Venus</span> <span class='ocrx_word' id='word_1_79' title='bbox 596 1001 776 1042; x_wconf 87' lang='lat' dir='ltr'>Aenean</span> <span class='ocrx_word' id='word_1_80' title='bbox 801 1001 980 1056; x_wconf 79' lang='lat' dir='ltr'>giavida</span> <span class='ocrx_word' id='word_1_81' title='bbox 1005 1008 1252 1042; x_wconf 84' lang='lat' dir='ltr'>temerasset</span> <span class='ocrx_word' id='word_1_82' title='bbox 1275 1001 1319 1042; x_wconf 91' lang='lat' dir='ltr'>in</span> <span class='ocrx_word' id='word_1_83' title='bbox 1344 1001 1453 1051; x_wconf 86' lang='lat' dir='ltr'>alvo,</span> 
     </span>
     <span class='ocr_line' id='line_1_15' title="bbox 422 1055 1239 1100; baseline 0 -2"><span class='ocrx_word' id='word_1_84' title='bbox 422 1055 677 1099; x_wconf 81' lang='lat' dir='ltr'>Caesa1ibus</span> <span class='ocrx_word' id='word_1_85' title='bbox 703 1058 826 1100; x_wconf 89' lang='lat' dir='ltr'>tellus</span> <span class='ocrx_word' id='word_1_86' title='bbox 852 1058 955 1099; x_wconf 80' lang='lat' dir='ltr'>olba</span> <span class='ocrx_word' id='word_1_87' title='bbox 980 1057 1123 1099; x_wconf 85' lang='lat' dir='ltr'>futura</span> <span class='ocrx_word' id='word_1_88' title='bbox 1147 1057 1239 1098; x_wconf 89' lang='lat' dir='ltr'>fuit.</span> 
     </span>
     <span class='ocr_line' id='line_1_16' title="bbox 362 1115 1533 1170; baseline 0.002 -15"><span class='ocrx_word' id='word_1_89' title='bbox 362 1124 409 1155; x_wconf 85' lang='lat' dir='ltr'>tu</span> <span class='ocrx_word' id='word_1_90' title='bbox 435 1129 623 1169; x_wconf 89' lang='lat' dir='ltr'>quoque,</span> <span class='ocrx_word' id='word_1_91' title='bbox 651 1129 746 1156; x_wconf 90' lang='lat' dir='ltr'>cum</span> <span class='ocrx_word' id='word_1_92' title='bbox 772 1130 917 1170; x_wconf 86' lang='lat' dir='ltr'>posses</span> <span class='ocrx_word' id='word_1_93' title='bbox 942 1115 1078 1164; x_wconf 86' lang='lat' dir='ltr'>nasci,</span> <span class='ocrx_word' id='word_1_94' title='bbox 1104 1115 1310 1164; x_wconf 83' lang='lat' dir='ltr'>f·o1mosa,</span> <span class='ocrx_word' id='word_1_95' title='bbox 1337 1115 1533 1170; x_wconf 87' lang='lat' dir='ltr'>perisses,</span> 
     </span>
    </p>
   </div>
   <div class='ocr_carea' id='block_1_3' title="bbox 290 1172 1578 2597">
    <p class='ocr_par' dir='ltr' id='par_1_3' title="bbox 290 1172 1578 2597">
     <span class='ocr_line' id='line_1_17' title="bbox 294 1172 1378 1228; baseline -0.003 -12"><span class='ocrx_word' id='word_1_96' title='bbox 294 1186 337 1216; x_wconf 84' lang='lat'>20</span> <span class='ocrx_word' id='word_1_97' title='bbox 420 1179 685 1228; x_wconf 82' lang='lat' dir='ltr'>temptasset,</span> <span class='ocrx_word' id='word_1_98' title='bbox 712 1172 825 1226; x_wconf 87' lang='lat' dir='ltr'>quod</span> <span class='ocrx_word' id='word_1_99' title='bbox 850 1180 916 1222; x_wconf 88' lang='lat' dir='ltr'>tu,</span> <span class='ocrx_word' id='word_1_100' title='bbox 942 1172 976 1213; x_wconf 89' lang='lat' dir='ltr'>si</span> <span class='ocrx_word' id='word_1_101' title='bbox 1002 1180 1075 1213; x_wconf 88' lang='lat' dir='ltr'>tua</span> <span class='ocrx_word' id='word_1_102' title='bbox 1099 1179 1234 1214; x_wconf 88' lang='lat' dir='ltr'>mater</span> <span class='ocrx_word' id='word_1_103' title='bbox 1259 1186 1378 1227; x_wconf 86' lang='lat' dir='ltr'>opus.</span> 
     </span>
     <span class='ocr_line' id='line_1_18' title="bbox 360 1204 1512 1285; baseline 0 -14"><span class='ocrx_word' id='word_1_104' title='bbox 360 1228 451 1285; x_wconf 89' lang='lat' dir='ltr'>ipse</span> <span class='ocrx_word' id='word_1_105' title='bbox 477 1244 576 1285; x_wconf 69' lang='lat' dir='ltr'>effo,</span> <span class='ocrx_word' id='word_1_106' title='bbox 603 1243 698 1271; x_wconf 90' lang='lat' dir='ltr'>cum</span> <span class='ocrx_word' id='word_1_107' title='bbox 724 1229 878 1271; x_wconf 88' lang='lat' dir='ltr'>f·ue1im</span> <span class='ocrx_word' id='word_1_108' title='bbox 903 1204 1053 1270; x_wconf 80' lang='lat' dir='ltr'>inelius</span> <span class='ocrx_word' id='word_1_109' title='bbox 1078 1229 1290 1284; x_wconf 88' lang='lat' dir='ltr'>periturus</span> <span class='ocrx_word' id='word_1_110' title='bbox 1317 1230 1512 1280; x_wconf 86' lang='lat' dir='ltr'>amando,</span> 
     </span>
     <span class='ocr_line' id='line_1_19' title="bbox 419 1286 1277 1328; baseline -0.001 -1"><span class='ocrx_word' id='word_1_111' title='bbox 419 1286 621 1328; x_wconf 87' lang='lat' dir='ltr'>vidissem</span> <span class='ocrx_word' id='word_1_112' title='bbox 645 1287 783 1327; x_wconf 90' lang='lat' dir='ltr'>nullos</span> <span class='ocrx_word' id='word_1_113' title='bbox 809 1293 943 1328; x_wconf 87' lang='lat' dir='ltr'>matre</span> <span class='ocrx_word' id='word_1_114' title='bbox 968 1294 1147 1328; x_wconf 90' lang='lat' dir='ltr'>necante</span> <span class='ocrx_word' id='word_1_115' title='bbox 1174 1286 1277 1327; x_wconf 89' lang='lat' dir='ltr'>dies.</span> 
     </span>
     <span class='ocr_line' id='line_1_20' title="bbox 362 1343 1447 1399; baseline -0.001 -14"><span class='ocrx_word' id='word_1_116' title='bbox 362 1343 466 1396; x_wconf 86' lang='lat' dir='ltr'>quid</span> <span class='ocrx_word' id='word_1_117' title='bbox 490 1344 660 1399; x_wconf 87' lang='lat' dir='ltr'>plenam</span> <span class='ocrx_word' id='word_1_118' title='bbox 685 1343 858 1385; x_wconf 87' lang='lat' dir='ltr'>fraudas</span> <span class='ocrx_word' id='word_1_119' title='bbox 884 1343 1014 1385; x_wconf 89' lang='lat' dir='ltr'>vitem</span> <span class='ocrx_word' id='word_1_120' title='bbox 1040 1343 1327 1385; x_wconf 83' lang='lat' dir='ltr'>crescentibus</span> <span class='ocrx_word' id='word_1_121' title='bbox 1353 1344 1447 1385; x_wconf 85' lang='lat' dir='ltr'>uvis</span> 
     </span>
     <span class='ocr_line' id='line_1_21' title="bbox 419 1400 1319 1456; baseline -0.001 -14"><span class='ocrx_word' id='word_1_122' title='bbox 419 1415 631 1456; x_wconf 87' lang='lat' dir='ltr'>pomaque</span> <span class='ocrx_word' id='word_1_123' title='bbox 657 1400 816 1442; x_wconf 88' lang='lat' dir='ltr'>crudeli</span> <span class='ocrx_word' id='word_1_124' title='bbox 841 1400 960 1442; x_wconf 90' lang='lat' dir='ltr'>vellis</span> <span class='ocrx_word' id='word_1_125' title='bbox 987 1400 1140 1442; x_wconf 90' lang='lat' dir='ltr'>acerba</span> <span class='ocrx_word' id='word_1_126' title='bbox 1164 1401 1319 1441; x_wconf 83' lang='lat' dir='ltr'>manu?</span> 
     </span>
     <span class='ocr_line' id='line_1_22' title="bbox 294 1457 1467 1512; baseline -0.002 -11"><span class='ocrx_word' id='word_1_127' title='bbox 294 1470 336 1501; x_wconf 79' lang='lat'>25</span> <span class='ocrx_word' id='word_1_128' title='bbox 363 1464 512 1512; x_wconf 88' lang='lat' dir='ltr'>sponte</span> <span class='ocrx_word' id='word_1_129' title='bbox 536 1458 670 1499; x_wconf 83' lang='lat' dir='ltr'>fiuant</span> <span class='ocrx_word' id='word_1_130' title='bbox 694 1465 860 1498; x_wconf 86' lang='lat' dir='ltr'>matura</span> <span class='ocrx_word' id='word_1_131' title='bbox 885 1457 981 1499; x_wconf 76' lang='lat' dir='ltr'>sual</span> <span class='ocrx_word' id='word_1_132' title='bbox 1019 1458 1109 1499; x_wconf 91' lang='lat' dir='ltr'>sine</span> <span class='ocrx_word' id='word_1_133' title='bbox 1135 1472 1323 1499; x_wconf 86' lang='lat' dir='ltr'>crescere</span> <span class='ocrx_word' id='word_1_134' title='bbox 1348 1460 1467 1499; x_wconf 86' lang='lat' dir='ltr'>nata:</span> 
     </span>
     <span class='ocr_line' id='line_1_23' title="bbox 422 1514 1393 1570; baseline 0 -14"><span class='ocrx_word' id='word_1_135' title='bbox 422 1522 485 1556; x_wconf 85' lang='lat' dir='ltr'>est</span> <span class='ocrx_word' id='word_1_136' title='bbox 508 1515 690 1570; x_wconf 87' lang='lat' dir='ltr'>pretium</span> <span class='ocrx_word' id='word_1_137' title='bbox 715 1530 872 1570; x_wconf 83' lang='lat' dir='ltr'>parvae</span> <span class='ocrx_word' id='word_1_138' title='bbox 896 1529 982 1555; x_wconf 91' lang='lat' dir='ltr'>non</span> <span class='ocrx_word' id='word_1_139' title='bbox 1007 1514 1100 1556; x_wconf 91' lang='lat' dir='ltr'>leve</span> <span class='ocrx_word' id='word_1_140' title='bbox 1125 1514 1213 1556; x_wconf 85' lang='lat' dir='ltr'>vita</span> <span class='ocrx_word' id='word_1_141' title='bbox 1236 1528 1393 1556; x_wconf 89' lang='lat' dir='ltr'>morae.</span> 
     </span>
     <span class='ocr_line' id='line_1_24' title="bbox 362 1571 1371 1626; baseline -0.001 -13"><span class='ocrx_word' id='word_1_142' title='bbox 362 1578 502 1613; x_wconf 86' lang='lat' dir='ltr'>vestra</span> <span class='ocrx_word' id='word_1_143' title='bbox 526 1572 629 1626; x_wconf 88' lang='lat' dir='ltr'>quid</span> <span class='ocrx_word' id='word_1_144' title='bbox 655 1571 837 1614; x_wconf 81' lang='lat' dir='ltr'>effoditis</span> <span class='ocrx_word' id='word_1_145' title='bbox 863 1571 1063 1613; x_wconf 86' lang='lat' dir='ltr'>subiectis</span> <span class='ocrx_word' id='word_1_146' title='bbox 1089 1571 1253 1613; x_wconf 89' lang='lat' dir='ltr'>viscera</span> <span class='ocrx_word' id='word_1_147' title='bbox 1277 1571 1371 1612; x_wconf 88' lang='lat' dir='ltr'>telis</span> 
     </span>
     <span class='ocr_line' id='line_1_25' title="bbox 419 1628 1275 1670; baseline -0.002 0"><span class='ocrx_word' id='word_1_148' title='bbox 419 1635 462 1670; x_wconf 84' lang='lat' dir='ltr'>et</span> <span class='ocrx_word' id='word_1_149' title='bbox 485 1629 676 1670; x_wconf 89' lang='lat' dir='ltr'>nondum</span> <span class='ocrx_word' id='word_1_150' title='bbox 700 1629 810 1670; x_wconf 86' lang='lat' dir='ltr'>natis</span> <span class='ocrx_word' id='word_1_151' title='bbox 837 1628 927 1669; x_wconf 90' lang='lat' dir='ltr'>dira</span> <span class='ocrx_word' id='word_1_152' title='bbox 951 1643 1116 1670; x_wconf 85' lang='lat' dir='ltr'>venena</span> <span class='ocrx_word' id='word_1_153' title='bbox 1142 1628 1275 1669; x_wconf 83' lang='lat' dir='ltr'>datis?</span> 
     </span>
     <span class='ocr_line' id='line_1_26' title="bbox 363 1683 1517 1741; baseline -0.001 -14"><span class='ocrx_word' id='word_1_154' title='bbox 363 1683 572 1728; x_wconf 89' lang='lat' dir='ltr'>Colchida</span> <span class='ocrx_word' id='word_1_155' title='bbox 595 1701 833 1741; x_wconf 87' lang='lat' dir='ltr'>respersam</span> <span class='ocrx_word' id='word_1_156' title='bbox 857 1700 1087 1741; x_wconf 87' lang='lat' dir='ltr'>puerorum</span> <span class='ocrx_word' id='word_1_157' title='bbox 1113 1685 1319 1741; x_wconf 86' lang='lat' dir='ltr'>sanguine</span> <span class='ocrx_word' id='word_1_158' title='bbox 1345 1685 1517 1741; x_wconf 88' lang='lat' dir='ltr'>culpant</span> 
     </span>
     <span class='ocr_line' id='line_1_27' title="bbox 297 1742 1381 1798; baseline -0.001 -14"><span class='ocrx_word' id='word_1_159' title='bbox 297 1754 339 1784; x_wconf 81' lang='lat'>30</span> <span class='ocrx_word' id='word_1_160' title='bbox 419 1758 528 1798; x_wconf 87' lang='lat' dir='ltr'>aque</span> <span class='ocrx_word' id='word_1_161' title='bbox 553 1758 630 1785; x_wconf 83' lang='lat' dir='ltr'>sua</span> <span class='ocrx_word' id='word_1_162' title='bbox 655 1758 826 1785; x_wconf 84' lang='lat' dir='ltr'>caesum</span> <span class='ocrx_word' id='word_1_163' title='bbox 852 1750 986 1784; x_wconf 86' lang='lat' dir='ltr'>matre</span> <span class='ocrx_word' id='word_1_164' title='bbox 1011 1750 1246 1796; x_wconf 89' lang='lat' dir='ltr'>queruntur</span> <span class='ocrx_word' id='word_1_165' title='bbox 1269 1742 1381 1798; x_wconf 88' lang='lat' dir='ltr'>Ityn.</span> 
     </span>
     <span class='ocr_line' id='line_1_28' title="bbox 360 1799 1578 1856; baseline -0.001 -14"><span class='ocrx_word' id='word_1_166' title='bbox 360 1807 541 1854; x_wconf 78' lang='lat' dir='ltr'>utlaque</span> <span class='ocrx_word' id='word_1_167' title='bbox 567 1816 693 1842; x_wconf 88' lang='lat' dir='ltr'>saeva</span> <span class='ocrx_word' id='word_1_168' title='bbox 718 1815 889 1856; x_wconf 88' lang='lat' dir='ltr'>parcns:</span> <span class='ocrx_word' id='word_1_169' title='bbox 917 1800 992 1842; x_wconf 87' lang='lat' dir='ltr'>sed</span> <span class='ocrx_word' id='word_1_170' title='bbox 1017 1800 1206 1841; x_wconf 87' lang='lat' dir='ltr'>tristibus</span> <span class='ocrx_word' id='word_1_171' title='bbox 1233 1807 1413 1855; x_wconf 76' lang='lat' dir='ltr'>unaque</span> <span class='ocrx_word' id='word_1_172' title='bbox 1439 1799 1578 1842; x_wconf 87' lang='lat' dir='ltr'>causis</span> 
     </span>
     <span class='ocr_line' id='line_1_29' title="bbox 417 1857 1239 1913; baseline 0 -16"><span class='ocrx_word' id='word_1_173' title='bbox 417 1857 580 1899; x_wconf 85' lang='lat' dir='ltr'>iactura</span> <span class='ocrx_word' id='word_1_174' title='bbox 606 1857 706 1899; x_wconf 90' lang='lat' dir='ltr'>socii</span> <span class='ocrx_word' id='word_1_175' title='bbox 733 1857 950 1913; x_wconf 86' lang='lat' dir='ltr'>sanguinis</span> <span class='ocrx_word' id='word_1_176' title='bbox 975 1857 1064 1898; x_wconf 90' lang='lat' dir='ltr'>ulta</span> <span class='ocrx_word' id='word_1_177' title='bbox 1089 1857 1239 1898; x_wconf 90' lang='lat' dir='ltr'>virum.</span> 
     </span>
     <span class='ocr_line' id='line_1_30' title="bbox 362 1913 1343 1968; baseline 0 -13"><span class='ocrx_word' id='word_1_178' title='bbox 362 1914 507 1964; x_wconf 89' lang='lat' dir='ltr'>dicite,</span> <span class='ocrx_word' id='word_1_179' title='bbox 534 1914 628 1968; x_wconf 85' lang='lat' dir='ltr'>quis</span> <span class='ocrx_word' id='word_1_180' title='bbox 653 1914 835 1963; x_wconf 90' lang='lat' dir='ltr'>Tereus</span> <span class='ocrx_word' id='word_1_181' title='bbox 862 1914 955 1968; x_wconf 87' lang='lat' dir='ltr'>quis</span> <span class='ocrx_word' id='word_1_182' title='bbox 981 1929 1056 1955; x_wconf 87' lang='lat' dir='ltr'>vos</span> <span class='ocrx_word' id='word_1_183' title='bbox 1081 1914 1222 1955; x_wconf 89' lang='lat' dir='ltr'>inritet</span> <span class='ocrx_word' id='word_1_184' title='bbox 1245 1913 1343 1955; x_wconf 89' lang='lat' dir='ltr'>Iaso</span> 
     </span>
     <span class='ocr_line' id='line_1_31' title="bbox 418 1970 1302 2026; baseline 0 -15"><span class='ocrx_word' id='word_1_185' title='bbox 418 1971 549 2026; x_wconf 84' lang='lat' dir='ltr'>figere</span> <span class='ocrx_word' id='word_1_186' title='bbox 575 1971 752 2012; x_wconf 86' lang='lat' dir='ltr'>sollicita</span> <span class='ocrx_word' id='word_1_187' title='bbox 778 1985 954 2026; x_wconf 87' lang='lat' dir='ltr'>corpora</span> <span class='ocrx_word' id='word_1_188' title='bbox 979 1978 1119 2012; x_wconf 82' lang='lat' dir='ltr'>vestra</span> <span class='ocrx_word' id='word_1_189' title='bbox 1145 1970 1302 2011; x_wconf 85' lang='lat' dir='ltr'>manu?</span> 
     </span>
     <span class='ocr_line' id='line_1_32' title="bbox 293 2006 1445 2081; baseline -0.003 -10"><span class='ocrx_word' id='word_1_190' title='bbox 293 2041 334 2071; x_wconf 86' lang='lat'>35</span> <span class='ocrx_word' id='word_1_191' title='bbox 361 2006 475 2069; x_wconf 43' lang='lat' dir='ltr'>hoc&amp;</span> <span class='ocrx_word' id='word_1_192' title='bbox 465 2042 604 2081; x_wconf 84' lang='lat' dir='ltr'>neque</span> <span class='ocrx_word' id='word_1_193' title='bbox 629 2027 672 2068; x_wconf 92' lang='lat' dir='ltr'>in</span> <span class='ocrx_word' id='word_1_194' title='bbox 697 2028 912 2069; x_wconf 87' lang='lat' dir='ltr'>Armeniis</span> <span class='ocrx_word' id='word_1_195' title='bbox 939 2027 1068 2081; x_wconf 85' lang='lat' dir='ltr'>tigres</span> <span class='ocrx_word' id='word_1_196' title='bbox 1094 2027 1232 2068; x_wconf 90' lang='lat' dir='ltr'>fecere</span> <span class='ocrx_word' id='word_1_197' title='bbox 1257 2027 1445 2076; x_wconf 89' lang='lat' dir='ltr'>latebris,</span> 
     </span>
     <span class='ocr_line' id='line_1_33' title="bbox 417 2084 1271 2140; baseline -0.001 -14"><span class='ocrx_word' id='word_1_198' title='bbox 417 2085 593 2140; x_wconf 79' lang='lat' dir='ltr'>peldere</span> <span class='ocrx_word' id='word_1_199' title='bbox 618 2099 697 2126; x_wconf 89' lang='lat' dir='ltr'>nec</span> <span class='ocrx_word' id='word_1_200' title='bbox 721 2084 833 2126; x_wconf 88' lang='lat' dir='ltr'>fetus</span> <span class='ocrx_word' id='word_1_201' title='bbox 859 2099 962 2125; x_wconf 86' lang='lat' dir='ltr'>ausa</span> <span class='ocrx_word' id='word_1_202' title='bbox 987 2084 1134 2125; x_wconf 84' lang='lat' dir='ltr'>leaena</span> <span class='ocrx_word' id='word_1_203' title='bbox 1160 2098 1271 2125; x_wconf 86' lang='lat' dir='ltr'>suos.</span> 
     </span>
     <span class='ocr_line' id='line_1_34' title="bbox 361 2140 1442 2196; baseline -0.002 -13"><span class='ocrx_word' id='word_1_204' title='bbox 361 2149 404 2183; x_wconf 89' lang='lat' dir='ltr'>at</span> <span class='ocrx_word' id='word_1_205' title='bbox 428 2149 597 2185; x_wconf 86' lang='lat' dir='ltr'>tenerae</span> <span class='ocrx_word' id='word_1_206' title='bbox 622 2142 802 2190; x_wconf 89' lang='lat' dir='ltr'>faciunt,</span> <span class='ocrx_word' id='word_1_207' title='bbox 829 2141 903 2183; x_wconf 88' lang='lat' dir='ltr'>sed</span> <span class='ocrx_word' id='word_1_208' title='bbox 927 2155 1012 2182; x_wconf 88' lang='lat' dir='ltr'>non</span> <span class='ocrx_word' id='word_1_209' title='bbox 1037 2141 1229 2196; x_wconf 87' lang='lat' dir='ltr'>impune,</span> <span class='ocrx_word' id='word_1_210' title='bbox 1255 2140 1442 2196; x_wconf 87' lang='lat' dir='ltr'>puellae:</span> 
     </span>
     <span class='ocr_line' id='line_1_35' title="bbox 420 2197 1403 2260; baseline -0.002 -19.998"><span class='ocrx_word' id='word_1_211' title='bbox 420 2214 565 2254; x_wconf 85' lang='lat' dir='ltr'>saepe,</span> <span class='ocrx_word' id='word_1_212' title='bbox 592 2213 688 2240; x_wconf 84' lang='lat' dir='ltr'>suos</span> <span class='ocrx_word' id='word_1_213' title='bbox 715 2206 835 2240; x_wconf 87' lang='lat' dir='ltr'>utero</span> <span class='ocrx_word' id='word_1_214' title='bbox 861 2212 969 2260; x_wconf 89' lang='lat' dir='ltr'>quae</span> <span class='ocrx_word' id='word_1_215' title='bbox 995 2207 1138 2246; x_wconf 83' lang='lat' dir='ltr'>necat,</span> <span class='ocrx_word' id='word_1_216' title='bbox 1164 2197 1258 2253; x_wconf 88' lang='lat' dir='ltr'>ipsa</span> <span class='ocrx_word' id='word_1_217' title='bbox 1282 2198 1403 2252; x_wconf 86' lang='lat' dir='ltr'>perit.</span> 
     </span>
     <span class='ocr_line' id='line_1_36' title="bbox 359 2255 1379 2312; baseline -0.002 -15"><span class='ocrx_word' id='word_1_218' title='bbox 359 2256 453 2312; x_wconf 89' lang='lat' dir='ltr'>ipsa</span> <span class='ocrx_word' id='word_1_219' title='bbox 476 2256 583 2311; x_wconf 89' lang='lat' dir='ltr'>perit</span> <span class='ocrx_word' id='word_1_220' title='bbox 609 2255 826 2310; x_wconf 86' lang='lat' dir='ltr'>ferturque</span> <span class='ocrx_word' id='word_1_221' title='bbox 851 2269 954 2310; x_wconf 90' lang='lat' dir='ltr'>rogo</span> <span class='ocrx_word' id='word_1_222' title='bbox 981 2255 1166 2296; x_wconf 86' lang='lat' dir='ltr'>resoluta</span> <span class='ocrx_word' id='word_1_223' title='bbox 1192 2255 1379 2309; x_wconf 89' lang='lat' dir='ltr'>capillos,</span> 
     </span>
     <span class='ocr_line' id='line_1_37' title="bbox 290 2310 1535 2366; baseline -0.004 -9"><span class='ocrx_word' id='word_1_224' title='bbox 290 2328 333 2357; x_wconf 68' lang='lat'>40</span> <span class='ocrx_word' id='word_1_225' title='bbox 420 2320 461 2355; x_wconf 87' lang='lat' dir='ltr'>et</span> <span class='ocrx_word' id='word_1_226' title='bbox 487 2313 706 2354; x_wconf 89' lang='lat' dir='ltr'>clamant‘</span> <span class='ocrx_word' id='word_1_227' title='bbox 716 2312 891 2362; x_wconf 84' lang='lat' dir='ltr'>merito,&#39;</span> <span class='ocrx_word' id='word_1_228' title='bbox 918 2312 990 2366; x_wconf 85' lang='lat' dir='ltr'>qui</span> <span class='ocrx_word' id='word_1_229' title='bbox 1016 2312 1142 2353; x_wconf 85' lang='lat' dir='ltr'>modo</span> <span class='ocrx_word' id='word_1_230' title='bbox 1169 2326 1351 2366; x_wconf 88' lang='lat' dir='ltr'>cumque</span> <span class='ocrx_word' id='word_1_231' title='bbox 1377 2310 1535 2353; x_wconf 85' lang='lat' dir='ltr'>vident.</span> 
     </span>
     <span class='ocr_line' id='line_1_38' title="bbox 359 2369 1427 2424; baseline -0.002 -12"><span class='ocrx_word' id='word_1_232' title='bbox 359 2370 440 2412; x_wconf 86' lang='lat' dir='ltr'>ista</span> <span class='ocrx_word' id='word_1_233' title='bbox 465 2370 540 2412; x_wconf 91' lang='lat' dir='ltr'>sed</span> <span class='ocrx_word' id='word_1_234' title='bbox 565 2369 771 2412; x_wconf 84' lang='lat' dir='ltr'>aetherias</span> <span class='ocrx_word' id='word_1_235' title='bbox 797 2376 1025 2411; x_wconf 87' lang='lat' dir='ltr'>vanescant</span> <span class='ocrx_word' id='word_1_236' title='bbox 1052 2369 1164 2410; x_wconf 86' lang='lat' dir='ltr'>dicta</span> <span class='ocrx_word' id='word_1_237' title='bbox 1188 2384 1264 2424; x_wconf 89' lang='lat' dir='ltr'>per</span> <span class='ocrx_word' id='word_1_238' title='bbox 1289 2384 1427 2418; x_wconf 88' lang='lat' dir='ltr'>auras,</span> 
     </span>
     <span class='ocr_line' id='line_1_39' title="bbox 418 2426 1299 2482; baseline -0.002 -14"><span class='ocrx_word' id='word_1_239' title='bbox 418 2434 459 2469; x_wconf 89' lang='lat' dir='ltr'>et</span> <span class='ocrx_word' id='word_1_240' title='bbox 484 2427 568 2469; x_wconf 88' lang='lat' dir='ltr'>sint</span> <span class='ocrx_word' id='word_1_241' title='bbox 593 2427 804 2468; x_wconf 89' lang='lat' dir='ltr'>ominibus</span> <span class='ocrx_word' id='word_1_242' title='bbox 829 2426 1018 2482; x_wconf 87' lang='lat' dir='ltr'>pondera</span> <span class='ocrx_word' id='word_1_243' title='bbox 1041 2426 1158 2467; x_wconf 90' lang='lat' dir='ltr'>nulla</span> <span class='ocrx_word' id='word_1_244' title='bbox 1182 2426 1299 2467; x_wconf 86' lang='lat' dir='ltr'>meis.</span> 
     </span>
     <span class='ocr_line' id='line_1_40' title="bbox 361 2483 1351 2539; baseline -0.002 -14"><span class='ocrx_word' id='word_1_245' title='bbox 361 2485 403 2525; x_wconf 91' lang='lat' dir='ltr'>di</span> <span class='ocrx_word' id='word_1_246' title='bbox 428 2484 593 2533; x_wconf 89' lang='lat' dir='ltr'>faciles,</span> <span class='ocrx_word' id='word_1_247' title='bbox 619 2498 818 2539; x_wconf 88' lang='lat' dir='ltr'>peccasse</span> <span class='ocrx_word' id='word_1_248' title='bbox 844 2483 972 2525; x_wconf 90' lang='lat' dir='ltr'>semel</span> <span class='ocrx_word' id='word_1_249' title='bbox 999 2483 1214 2524; x_wconf 85' lang='lat' dir='ltr'>concedite</span> <span class='ocrx_word' id='word_1_250' title='bbox 1241 2490 1351 2524; x_wconf 86' lang='lat' dir='ltr'>tuto:</span> 
     </span>
     <span class='ocr_line' id='line_1_41' title="bbox 419 2539 1409 2597; baseline -0.003 -14"><span class='ocrx_word' id='word_1_251' title='bbox 419 2549 459 2583; x_wconf 90' lang='lat' dir='ltr'>et</span> <span class='ocrx_word' id='word_1_252' title='bbox 486 2541 585 2583; x_wconf 87' lang='lat' dir='ltr'>satis</span> <span class='ocrx_word' id='word_1_253' title='bbox 612 2548 693 2592; x_wconf 90' lang='lat' dir='ltr'>est,</span> <span class='ocrx_word' id='word_1_254' title='bbox 719 2555 899 2597; x_wconf 88' lang='lat' dir='ltr'>poenam</span> <span class='ocrx_word' id='word_1_255' title='bbox 927 2540 1051 2596; x_wconf 90' lang='lat' dir='ltr'>culpa</span> <span class='ocrx_word' id='word_1_256' title='bbox 1076 2540 1263 2581; x_wconf 85' lang='lat' dir='ltr'>secunda</span> <span class='ocrx_word' id='word_1_257' title='bbox 1288 2539 1409 2581; x_wconf 87' lang='lat' dir='ltr'>ferat.</span> 
     </span>
    </p>
   </div>
   <div class='ocr_carea' id='block_1_4' title="bbox 360 2642 1385 2822">
    <p class='ocr_par' dir='ltr' id='par_1_4' title="bbox 360 2642 1385 2822">
     <span class='ocr_line' id='line_1_42' title="bbox 994 2642 1099 2685; baseline 0 -1"><span class='ocrx_word' id='word_1_258' title='bbox 994 2642 1099 2685; x_wconf 86' lang='lat' dir='ltr'>XV.</span> 
     </span>
     <span class='ocr_line' id='line_1_43' title="bbox 360 2709 1385 2767; baseline -0.002 -14"><span class='ocrx_word' id='word_1_259' title='bbox 360 2711 523 2760; x_wconf 88' lang='lat' dir='ltr'>Anule,</span> <span class='ocrx_word' id='word_1_260' title='bbox 549 2711 759 2753; x_wconf 82' lang='lat' dir='ltr'>formosae</span> <span class='ocrx_word' id='word_1_261' title='bbox 786 2712 964 2767; x_wconf 86' lang='lat' dir='ltr'>digitum</span> <span class='ocrx_word' id='word_1_262' title='bbox 990 2711 1180 2752; x_wconf 88' lang='lat' dir='ltr'>vincture</span> <span class='ocrx_word' id='word_1_263' title='bbox 1205 2709 1385 2765; x_wconf 89' lang='lat' dir='ltr'>puellae,</span> 
     </span>
     <span class='ocr_line' id='line_1_44' title="bbox 415 2768 1357 2822; baseline -0.001 -14"><span class='ocrx_word' id='word_1_264' title='bbox 415 2768 459 2808; x_wconf 91' lang='lat' dir='ltr'>in</span> <span class='ocrx_word' id='word_1_265' title='bbox 484 2782 568 2822; x_wconf 87' lang='lat' dir='ltr'>quo</span> <span class='ocrx_word' id='word_1_266' title='bbox 595 2769 852 2810; x_wconf 88' lang='lat' dir='ltr'>censendum</span> <span class='ocrx_word' id='word_1_267' title='bbox 875 2769 934 2809; x_wconf 86' lang='lat' dir='ltr'>nil</span> <span class='ocrx_word' id='word_1_268' title='bbox 959 2768 1039 2809; x_wconf 86' lang='lat' dir='ltr'>nisi</span> <span class='ocrx_word' id='word_1_269' title='bbox 1064 2768 1201 2808; x_wconf 85' lang='lat' dir='ltr'>dantis</span> <span class='ocrx_word' id='word_1_270' title='bbox 1227 2781 1357 2816; x_wconf 86' lang='lat' dir='ltr'>amor,</span> 
     </span>
    </p>
   </div>
  </div>
 </body>
</html>
