1831 3168
383 225 603 262 AMORUM
629 226 725 260 LIB.
752 226 800 260 11.
826 226 930 270 XIV,
955 226 1127 270 5-XV1,
1153 227 1206 261 16.

116 319 271 347 munus
297 321 366 347 eas
391 315 571 361 gratum.
633 316 672 349 te
697 308 807 349 laeta
832 315 969 350 mente
995 315 1211 363 receptum

172 363 361 417 protinus
388 363 570 405 articulis
595 364 742 406 induat
767 365 838 406 illa
863 365 962 406 suis.

116 426 203 459 tam
230 419 334 460 bene
361 422 605 469 convenias,
631 436 759 474 quain
785 436 951 463 mecum
977 422 1171 463 convenit
1195 421 1267 470 illi,

172 483 213 516 et
239 475 417 531 digitum
443 477 552 518 iusto
578 479 821 519 commodus
848 478 947 520 orbe
974 486 1096 520 teras.

114 531 235 581 felix,
262 548 286 573 a
311 533 480 575 domina
506 535 770 584 tractabcris‚
797 535 939 583 anule,
965 544 1118 576 nostra.

171 589 338 630 invideo
365 590 483 631 donis
510 591 592 632 iam
618 592 743 633 miser
767 592 856 646 ipse
882 592 998 633 meis.

115 659 138 685 o
165 646 325 686 utinam
350 646 440 688 ficri
466 648 604 688 subito
630 663 724 689 nica
750 663 923 689 munera
947 663 1114 702 possem

171 717 215 743 ι1
221 702 329 743 tibus
353 703 472 745 Aeac
477 719 525 745 ac
552 704 823 759 Carpathiive
848 704 976 745 senis!

114 766 212 800 tunc
238 774 316 814 ego
342 774 409 801 me
435 761 601 815 cupiam
627 761 820 802 dominae
845 761 1031 815 tetigisse
1056 760 1234 815 papillas

169 824 210 856 et
234 816 400 857 laevam
424 817 575 858 tunicis
600 818 823 859 inseruisse
848 832 1038 858 manum:

113 871 256 913 cl1b1r
281 872 431 927 digito,
457 874 648 927 quamvis
674 881 877 929 angustus
904 881 944 916 et
967 874 1158 922 haerens,

169 929 296 983 inque
323 930 460 971 sinum
486 931 565 971 1ni1
567 946 591 971 ιι
616 910 755 972 laxus:³
763 931 815 972 ab
842 938 929 972 arte
955 929 1116 972 cadam.

111 986 222 1027 idem
249 1001 328 1041 ego
353 994 399 1028 ut
425 1002 598 1028 arcanas
623 988 779 1043 possim
805 988 971 1043 signare
996 986 1186 1034 tabellas,

167 1058 273 1085 neve
273 1022 426 1085 Dtenax
451 1059 590 1085 ceram
616 1046 710 1087 sice
703 1059 861 1098 aque„
837 1059 1004 1085 <remma
1029 1042 1181 1091 trahat,

110 1099 254 1141 umida
278 1100 487 1142 formosae
514 1109 684 1157 tangam
711 1101 825 1156 prius
851 1115 924 1141 ora
947 1100 1127 1154 puellae.

167 1164 330 1198 tantum
355 1173 408 1199 ne
433 1158 597 1212 signem
623 1158 777 1212 scripta
802 1157 983 1199 dolenda
1007 1156 1123 1197 mihi.

111 1213 145 1254 si
170 1214 320 1263 dabor,
346 1221 392 1255 ut
418 1215 587 1264 condar,
612 1214 779 1263 loculis,
806 1214 920 1255 exire
945 1213 1125 1268 negabo,

158 1245 429 1325 adstringens
456 1272 608 1326 digitos
635 1272 735 1313 orbe
761 1271 920 1312 minore
946 1279 1053 1312 tuos.

108 1342 193 1369 non
218 1342 298 1382 ego
324 1328 519 1370 dedecori
545 1328 621 1369 tibi
647 1328 743 1378 sim,
768 1343 864 1370 mea
888 1327 994 1377 vita,
1020 1327 1202 1375 futurus,

166 1385 333 1439 quodve
358 1393 476 1427 tener
501 1385 657 1440 digitus
683 1385 792 1427 ferre
817 1391 983 1426 recuset
1008 1398 1126 1424 onus.

108 1456 175 1483 me
200 1456 320 1496 gere,
347 1457 444 1483 cum
470 1442 614 1484 calidis
639 1441 867 1498 perfundes
892 1440 1099 1482 imbribus
1125 1446 1253 1487 artua

165 1498 458 1552 fluminaque
446 1515 489 1540 1n
513 1514 683 1554 gemma
707 1498 848 1554 perfer
873 1497 1010 1539 euntis
1037 1510 1184 1550 aquae.

110 1555 203 1604 scd,
229 1562 349 1610 pute,
375 1562 416 1597 te
440 1556 555 1597 nuda
578 1571 673 1597 mea
697 1555 887 1596 membia
910 1553 1083 1595 libidine
1110 1560 1297 1608 surgent,

165 1619 204 1652 et
229 1626 431 1667 peragam
456 1620 595 1667 partes
621 1612 771 1653 anulus
796 1612 866 1652 ille
891 1610 981 1651 viri.

107 1668 232 1709 inrita
258 1668 359 1721 quid
383 1670 543 1710 voveo?
580 1683 758 1724 parvum
783 1667 1048 1723 proficiscere
1073 1680 1246 1707 munus:

163 1725 234 1766 illa
260 1725 402 1767 datam
427 1733 567 1766 tecum
593 1725 745 1767 sentiat
770 1739 860 1766 esse
885 1723 1024 1765 fidem.

726 1826 856 1869 XVI.

105 1895 212 1936 Pars
236 1910 303 1937 me
331 1894 479 1937 Sulmo
505 1902 620 1937 tenet
643 1894 840 1949 Paeligni
865 1893 986 1936 tertia
1010 1892 1132 1941 ruris,

163 1968 314 2007 parva,
340 1953 449 1994 sed'
438 1952 616 2008 mriguis
641 1966 715 1993 ora
739 1951 919 1993 salubris
945 1949 1079 2004 aquis.

106 2009 168 2050 sol
192 2009 290 2051 licet
315 2009 484 2050 admoto
509 2010 702 2051 tellurem
729 2008 864 2050 sidere
889 2007 1035 2056 findat,

163 2074 203 2108 et
227 2066 353 2107 micet
376 2066 501 2107 Icarii
527 2066 647 2108 stella
671 2072 867 2121 protelva
892 2064 1026 2106 canis:

107 2137 207 2164 arva
230 2130 500 2177 pererrantur
523 2122 732 2178 Paeligna
755 2121 1013 2176 liquentibus
1040 2119 1178 2169 undis,

163 2187 204 2221 et
228 2179 334 2221 viret
357 2179 400 2220 in
425 2187 568 2221 tenero
593 2179 741 2221 fertilis
768 2178 899 2220 herba
923 2178 1025 2218 solo.

107 2244 217 2277 terra
241 2236 360 2277 ferax
386 2234 573 2285 Cereris,
598 2236 815 2288 multoque
840 2234 1019 2276 feracior
1044 2233 1156 2281 uvis3

163 2291 234 2334 dat
258 2306 427 2346 quoque
452 2292 682 2357 baciferam
706 2291 885 2332 Pallada
908 2305 1028 2331 1arus
1053 2305 1167 2344 ager.

105 2363 265 2403 perque
289 2356 556 2404 resurgentes
581 2348 681 2389 rivis
705 2347 945 2390 labentibus
970 2346 1123 2387 herbas

163 2405 406 2471 gramineus
409 2385 646 2446 Omadidam
671 2419 843 2459 caespes
869 2403 1092 2444 obumbrat
1117 2402 1307 2443 humum.

106 2470 149 2503 at
173 2477 291 2504 meus
316 2461 426 2517 ignis
451 2462 582 2503 abest.
640 2461 770 2503 verbo
795 2459 1063 2516 peccavimus
1088 2473 1192 2500 uno:

164 2535 272 2575 quae
297 2526 440 2560 movet
465 2518 656 2567 ardores,
683 2526 746 2560 est
769 2517 935 2573 procu13
963 2515 1086 2557 ardor
1111 2515 1241 2557 adest.

106 2593 189 2619 non
215 2591 315 2632 ego,
341 2576 377 2617 si
399 2575 562 2618 medius
587 2575 764 2616 Polluce
790 2581 830 2616 et
856 2571 1033 2615 Castore
1058 2587 1203 2628 ponar,

163 2635 206 2675 in
231 2633 337 2675 caeli
362 2632 450 2674 sine
475 2640 516 2674 te
541 2639 660 2687 parte
684 2631 814 2672 fuisse
839 2630 978 2672 velim.

106 2690 272 2733 solliciti
295 2690 458 2732 iaceant
482 2696 675 2743 terraque
699 2694 946 2752 premantur
967 2686 1130 2742 iniqua,

163 2747 206 2789 in
229 2747 378 2802 longas
403 2746 548 2789 orbem
573 2745 646 2801 qui
671 2759 841 2788 secuere
866 2743 974 2786 vias!

175 2813 252 2843 Ουιάι
262 2814 312 2842 vol
302 2781 350 2840 ξ,1.
1223 2809 1244 2843 S

1398 217 1480 259 113

1508 717 1549 747 10

1508 999 1546 1027 15

1504 1281 1546 1311 20

1502 2411 1544 2441 10

1500 2697 1540 2728 15
