1831 3168
564 233 836 270 ussssoioum
861 233 964 270 XVI.
988 232 1160 268 22-109.
1488 223 1545 267 59

232 323 277 357 ut
303 314 462 370 possint
488 315 600 370 ipsas
628 316 697 357 illa
722 330 890 357 movere
916 314 1029 357 deaS.

177 372 250 415 sed
277 373 311 413 si
335 372 419 412 iam
447 373 598 414 vellcin
625 372 729 414 fines
756 372 931 414 transire
957 371 1144 427 pudoris,

233 437 278 469 tu
304 428 451 470 melior
477 429 626 483 culpae
653 444 780 470 causa
804 429 972 469 futurus
998 443 1102 469 cras.

176 493 249 526 aut
276 499 354 539 em)
382 493 583 540 perpetuo
609 486 765 526 famam
792 486 879 526 sine
905 485 1000 526 labe
1026 484 1178 526 tenebo

233 521 325 582 autC
330 557 363 583 c
354 556 408 596 r0
435 550 474 583 te
500 542 638 597 potius
664 556 790 596 quam
817 549 890 582 tua
915 542 1025 582 dona
1050 555 1214 595 sequar.
1570 554 1617 584 70

176 605 306 652 utque
333 614 382 639 ea
407 612 490 639 non
516 613 688 654 sperno,
713 599 772 639 sie
798 598 1089 653 acceptissima
1116 612 1281 652 semper

233 670 409 696 munera
434 662 550 703 sunt,
577 662 723 696 auctor
748 669 856 708 quae
881 654 1066 708 pretiosa
1091 653 1206 694 facit.

176 711 271 766 plus
297 711 429 752 multo
455 718 537 760 cst,
563 710 676 764 quod
702 725 838 759 amas,
866 710 979 763 quod
1005 725 1098 751 sum
1124 710 1200 750 tibi
1225 725 1352 752 causa
1375 710 1545 760 laboris,

235 782 261 821 q
266 767 348 808 uod
375 775 460 808 tam
485 782 560 821 per
583 768 732 821 longas
758 781 854 821 spes
879 774 953 807 tua
977 766 1091 807 venit
1117 780 1262 819 aquas.

174 784 261 865 illal
270 837 458 877 quoque,
484 823 678 888 adposita
703 836 811 876 quae
835 837 948 863 nunc
973 821 1097 871 facis,
1123 822 1330 877 improbe,
1356 838 1515 872 mensa,
1571 836 1614 866 75

232 880 426 934 quamvis
451 879 644 934 experiar
668 878 954 928 dissimulare,
979 885 1098 919 noto·

175 951 270 978 cum
297 936 422 977 modo
446 951 513 978 me
539 942 703 991 spectas
729 936 880 985 oculis,
905 936 1081 984 lascive,
1107 936 1327 990 protervis,

231 1007 337 1047 quos
364 993 434 1034 vix
459 992 663 1034 instantes
688 993 848 1034 lumina
873 1000 1016 1034 nostra
1040 992 1195 1041 ferunt,

177 1057 217 1091 et
242 1049 367 1091 modo
393 1050 599 1104 suspiras,
626 1049 751 1090 modo
776 1049 929 1105 pocula
953 1049 1146 1104 proxima
1171 1049 1292 1090 nobis

231 1106 379 1155 sumis,
405 1120 574 1160 quaque
600 1106 706 1156 bibi,
732 1114 778 1147 tu
804 1120 972 1160 quoque
997 1112 1116 1161 parte
1141 1105 1264 1146 bibis.
1570 1121 1617 1151 80

175 1162 217 1204 a!
244 1163 439 1217 quotiens
466 1162 630 1218 digitis,
656 1163 849 1217 quotiens
876 1177 955 1218 ego
980 1170 1092 1204 tecta
1116 1163 1258 1203 notavi

231 1220 351 1275 signa
377 1219 600 1274 supercilio
624 1234 758 1275 paene
782 1220 981 1274 loquente
1007 1218 1115 1260 dari!

174 1284 213 1318 et
240 1291 364 1332 saepe
390 1276 585 1325 extimui,
611 1291 663 1318 ne
689 1276 753 1317 vir
776 1291 895 1318 meus
921 1276 992 1317 illa
1016 1275 1190 1325 videret,

229 1347 314 1374 non
339 1333 440 1374 satis
465 1333 641 1374 occultis
667 1332 901 1387 erubuique
926 1333 1049 1374 notis.

174 1405 299 1445 saepe
325 1390 393 1431 vel
418 1389 573 1445 exiguo
599 1390 665 1431 vel
689 1390 805 1431 nullo
832 1405 1046 1432 murmure
1073 1389 1158 1430 dixi
1571 1403 1618 1434 85

233 1447 310 1488 ‘nil
335 1446 466 1502 pudet
490 1446 630 1488 hunc.’
690 1461 769 1488 neo
794 1461 878 1488 vox
902 1446 1007 1488 haec
1032 1461 1127 1488 mea
1151 1446 1259 1488 falsa
1283 1446 1377 1488 fuit.

175 1503 274 1545 orbe
300 1517 469 1557 quoque
494 1503 537 1544 in
562 1519 733 1545 mensae
758 1503 843 1559 legi
869 1503 948 1544 sub
973 1503 1142 1544 nomine
1169 1511 1325 1552 nostro,

233 1560 346 1614 quod
371 1560 552 1602 deducta
576 1575 693 1602 mero
717 1560 856 1602 littera
880 1560 999 1602 fecit:
1027 1560 1173 1601 ‘amo.'

175 1617 344 1658 credere
370 1632 437 1658 me
462 1624 602 1658 tamen
627 1617 707 1658 hoc
733 1617 854 1658 oculo
878 1624 1080 1658 renuente
1105 1617 1270 1671 negavi.

232 1673 269 1715 ei
294 1672 415 1722 mihi,
440 1673 524 1714 iam
551 1673 678 1714 didici
704 1673 763 1714 sic
789 1687 868 1728 ego
893 1688 1015 1728 posse
1040 1673 1175 1727 loqui!
1572 1688 1619 1719 90

174 1730 238 1771 his
264 1744 343 1785 ego
370 1729 603 1779 blanditiis,
629 1730 664 1771 si
687 1739 913 1785 peccatura
937 1729 1126 1779 fuissem,

231 1787 440 1828 flecterer:
465 1786 531 1827 his
555 1794 750 1841 poterant
773 1794 944 1841 pectora
967 1794 1112 1828 nostra
1137 1786 1240 1841 capi.

175 1850 237 1885 est
264 1857 452 1897 quoque,
478 1843 693 1892 confiteor,
719 1843 849 1884 facies
875 1843 951 1884 tibi
976 1858 1090 1893 rara,
1116 1851 1338 1898 potestque

230 1900 338 1942 velle
363 1899 442 1940 sub
468 1900 687 1955 amplexus
712 1900 772 1941 ire
798 1899 939 1954 puella
964 1907 1072 1941 tuos.

174 1958 305 1999 altera
329 1956 402 1998 sed
426 1956 565 2011 potius
591 1956 693 1998 felix
718 1956 807 1998 sine
833 1956 1005 1998 crimine
1030 1956 1116 2006 fiat,
1572 1972 1617 2003 95>

230 2028 357 2068 quam
383 2013 506 2055 cadat
531 2020 704 2055 externo
729 2022 871 2055 noster
895 2028 1037 2055 amore
1062 2013 1219 2068 pudor!

175 2070 288 2112 disce
313 2084 406 2112 meo
433 2071 626 2125 exemplo
652 2070 847 2112 formosis
872 2085 995 2126 posse
1021 2085 1182 2113 carere:

229 2135 293 2169 est
317 2127 450 2168 virtus
475 2127 639 2182 placitis
664 2127 918 2169 abstinuisse
944 2127 1077 2169 bonis.

173 2199 302 2239 quam
325 2184 480 2225 multos
506 2184 641 2226 credis
667 2184 840 2226 iuvenes
867 2191 1032 2239 optare,
1058 2184 1173 2237 quod
1198 2192 1333 2239 optas,

230 2241 302 2295 qui
328 2241 518 2295 sapiant?
554 2241 698 2283 oculos
723 2257 777 2282 an
801 2241 924 2282 Paris
950 2256 1059 2282 unus
1085 2241 1245 2282 habes?
1572 2256 1640 2287 100

172 2312 257 2339 non
282 2306 327 2339 tu
351 2298 446 2351 plus
472 2298 625 2347 cernis,
652 2298 726 2339 sed
749 2298 844 2353 plus
870 2297 1115 2339 temerarius
1141 2297 1290 2339 audes:

231 2368 309 2396 nec
333 2354 410 2395 tibi
434 2354 530 2409 plus
556 2354 712 2404 cordis,
739 2354 813 2397 sed
838 2354 961 2395 nimis
988 2354 1070 2395 oris
1097 2353 1228 2395 adest.

175 2420 275 2452 tuno
301 2425 380 2465 ego
406 2417 446 2452 te
472 2411 623 2452 vellem
649 2411 774 2452 celeri
799 2411 964 2452 venisse
990 2410 1145 2459 carina,

233 2482 328 2508 cum
354 2481 448 2507 mea
473 2466 692 2521 virginitas
718 2467 831 2508 mille
856 2467 986 2521 petita
1011 2466 1166 2521 procis:

0 2544 1 2585 i
177 2524 210 2565 si
235 2532 275 2565 te
301 2523 518 2572 vidissem,
544 2523 703 2578 primus
729 2523 781 2565 de
806 2524 918 2565 mille
943 2523 1109 2564 fuisses.
1572 2538 1641 2570 105

233 2580 386 2621 iudicio
411 2579 578 2621 veniam
604 2580 667 2621 vir
692 2579 807 2621 dabit
830 2580 920 2635 ipse
946 2595 1052 2622 meo.

177 2638 230 2679 ad
254 2651 449 2692 possessa
475 2636 591 2678 venis
618 2644 928 2692 praeceptaque
953 2636 1110 2692 gaudia
1135 2652 1266 2679 serus.

234 2709 329 2749 spes
355 2702 428 2735 tua
451 2694 564 2736 lenta
588 2693 680 2735 fuit.
741 2694 856 2748 quod
880 2694 1008 2749 petis,
1034 2694 1137 2735 alter
1161 2693 1302 2737 habet.

177 2758 222 2792 ut
247 2760 388 2794 tamen
414 2759 603 2807 optarem
628 2750 718 2793 fieri
743 2758 814 2793 tua
839 2750 991 2793 Troica
1015 2750 1212 2802 coniunx,
