1831 3168
355 263 972 301 HEROLDUMXVL198—268.
1002 263 1273 300 XV11.1-15.
1443 254 1499 295 63

189 352 309 400 parta
334 359 409 400 per
434 345 652 386 arbinium
678 345 776 387 bina
802 352 974 400 tropaea
998 352 1131 394 tuum,

131 402 190 443 sic
215 402 306 443 illas
331 416 498 451 v‚e1eor
525 416 653 456 quae,
680 402 714 443 si
739 411 812 443 tua
836 401 970 457 gloria
996 416 1094 443 vera
1119 409 1195 451 est,

188 458 326 500 iudice
352 466 391 500 te
417 472 588 500 causam
614 473 696 524 non
721 466 894 500 tenuere
920 458 1041 499 duae.

131 528 208 556 nec
232 514 399 564 dubito,
425 515 545 569 quin,
572 523 611 556 tc
637 515 670 556 si
697 529 938 570 prosequar,
966 529 1082 555 arma
1106 521 1319 569 parentur,
1526 526 1590 557 245

189 572 264 612 ibit
289 586 412 627 perC>
388 571 569 620 (stadios,
596 571 633 613 ei
659 571 777 612 mihi.
816 578 958 612 noster
982 585 1111 611 amor.

131 642 185 668 an
210 628 299 670 fera
325 607 549 670 Centauris
574 628 757 669 indicere
783 627 893 668 bella
918 627 1056 680 coegit

190 685 359 726 Atracis
386 684 645 725 Haemonios
671 683 959 738 Hippodamia
983 683 1107 730 viros,

132 749 176 781 tu
202 741 291 782 fore
317 750 402 781 tam
428 741 538 781 iusta
562 740 721 781 lentum
746 738 1009 780 Menelaon
998 754 1039 778 m
1066 739 1128 779 ila

189 806 227 838 ct
254 797 444 852 ‹reminos
470 796 620 837 fratres
645 795 1004 849 Tyndareumque
1031 795 1179 848 putas?
1526 809 1590 839 ‘250

130 854 244 908 quod
254 833 377 894 t>bene
403 860 442 894 te
467 852 596 893 iactes
622 859 661 892 et
686 851 811 892 fortia
835 851 946 891 facta
970 850 1168 904 loquaris,

188 926 212 950 a
237 909 376 951 verbis
403 908 533 950 facies
559 908 733 949 dissidet
758 907 839 948 ista
864 907 963 948 suis.

130 975 228 1021 apta
253 966 388 1021 magis
414 965 591 1014 Veneri,
618 979 746 1019 quam
773 971 869 1005 sunt
894 971 967 1004 tua
993 976 1211 1018 corpora
1194 963 1338 1005 Marti.

187 1023 298 1064 bella
321 1030 470 1078 gerant
495 1021 644 1062 fortes:
672 1029 737 1071 tu,
762 1020 883 1070 Pari,
910 1034 1076 1075 semper
1100 1036 1207 1061 ama.

130 1080 336 1128 Hectora,
363 1093 489 1133 quem
515 1078 681 1127 laudas,
707 1092 783 1133 pro
809 1085 849 1118 te
875 1091 1066 1132 pugnare
1092 1076 1253 1119 iubeto:
1528 1090 1593 1120 ⁴255

186 1136 333 1177 militia
359 1143 420 1177 est
446 1134 583 1190 operis
609 1135 740 1176 altera
765 1134 894 1189 digna
919 1133 1014 1174 tuis.

130 1192 193 1234 his
221 1207 320 1248 ego,
347 1193 381 1234 si
407 1207 597 1247 saperem
622 1191 833 1246 pauloque
859 1190 1059 1231 audacior
1083 1205 1231 1239 essem,

186 1256 326 1291 uterer
348 1273 406 1278 ——
429 1256 589 1298 utetur,
616 1248 736 1302 siqua
761 1247 903 1303 puella
928 1247 1037 1302 sapit
1060 1271 1117 1277 -—

130 1315 200 1347 aut
226 1320 306 1360 ego
332 1305 521 1361 deposito
546 1305 700 1347 faciam
725 1304 902 1346 fortasse
928 1304 1089 1359 pudore

186 1370 226 1404 et
253 1362 362 1403 dabo
389 1362 604 1403 devinctas
630 1369 819 1416 tempore
844 1361 955 1402 victa
981 1375 1144 1401 manus.
1528 1373 1593 1404 260

129 1419 243 1473 quod
268 1419 395 1474 petis,
420 1426 468 1460 ut
493 1419 636 1460 furtim
662 1425 904 1473 praesentes
931 1417 1011 1458 ista
1035 1418 1271 1471 loquamur,

187 1476 342 1517 scimus
368 1475 470 1530 quid
495 1483 637 1531 captes
663 1475 1020 1528 conloquiumque
1046 1488 1185 1515 voces.

131 1532 206 1574 sed
230 1532 407 1574 nimium
432 1547 653 1597 properas,
680 1539 721 1574 et
746 1532 884 1573 adhuc
909 1539 981 1572 tua
1005 1530 1152 1572 messis
1178 1530 1220 1571 in
1246 1529 1377 1571 herba
1402 1544 1444 1571 es
1429 1536 1477 1571 t.

188 1588 290 1631 haec
316 1604 434 1631 mora
460 1589 512 1630 sit
538 1597 635 1630 voto
661 1589 803 1629 forsan
829 1588 964 1629 amica
989 1595 1074 1628 tuo.

130 1645 346 1687 hactenus.
408 1659 607 1686 arcanum
633 1645 814 1686 furtivae
841 1644 1008 1686 conscia
1033 1643 1184 1685 mentis
1526 1656 1590 1688 265

186 1701 360 1743 litter'a
349 1717 433 1743 lam
458 1703 568 1743 lasso
594 1701 745 1756 pollice
772 1701 890 1742 sistat
916 1715 1041 1756 opus·

130 1766 268 1800 cetera
294 1774 369 1814 per
393 1759 527 1800 socias
555 1757 791 1823 Clymenen
816 1757 1107 1810 Aethramque
1133 1756 1368 1810 loquamur,

187 1830 295 1870 quae
321 1815 423 1856 mihi
450 1823 545 1856 sunt
573 1815 746 1856 comites
773 1815 1077 1868 consiliumque
1104 1813 1224 1854 duae.

739 1916 891 1958 XVII.

128 1985 263 2026 Mittit
288 1985 546 2040 Abydenus,
573 1998 701 2050 qutam
727 1984 870 2025 mallet
894 1983 1023 2032 ferre,
1049 1983 1242 2033 salutem,
1434 1993 1594 2027 Leander

187 2041 221 2083 si
246 2042 369 2082 cadat
393 2041 508 2083 unda
532 2041 676 2092 maris,
703 2039 828 2083 Sesta
852 2040 1011 2095 puella,
1039 2040 1128 2082 tibi.
1446 2039 1593 2072 Heroni.

131 2099 165 2140 si
190 2098 290 2139 mihi
319 2098 360 2138 di
386 2098 530 2139 faciles
558 2105 599 2139 et
624 2105 721 2139 sunt
745 2097 789 2138 in
815 2112 955 2138 amore
982 2096 1168 2145 secundi,

186 2155 328 2196 invitis
354 2155 485 2196 oculis
511 2154 616 2196 haec
640 2169 734 2196 mea
758 2154 888 2195 verba
912 2154 1040 2209 leges.

129 2212 204 2253 sed
228 2226 312 2252 non
337 2218 434 2252 sunt
459 2211 617 2253 faciles.
677 2227 775 2252 nam
801 2225 875 2252 cur
899 2226 993 2252 mea
1018 2218 1116 2251 vota
1140 2216 1358 2250 morantur
1526 2224 1546 2255 5

187 2283 353 2310 currere
379 2283 446 2309 me
470 2275 569 2309 nota
593 2282 671 2309 nec
696 2267 913 2322 patiuntur
938 2266 1073 2321 aqua?

130 2325 222 2380 ipsa
246 2325 364 2366 vides
390 2325 553 2366 caelum
577 2324 670 2379 pice
695 2324 876 2378 nigrius,
903 2331 943 2364 et
967 2324 1075 2365 freta
1100 2322 1236 2363 ventis

188 2381 357 2422 turbida
381 2395 539 2435 perque
565 2395 689 2422 cavas
714 2381 787 2421 vix
811 2380 1006 2421 adeunda
1031 2386 1154 2420 rates.

132 2453 260 2485 unus,
287 2445 328 2478 et
352 2437 420 2478 hic
445 2437 604 2486 audaX‚
630 2452 654 2478 a
679 2451 762 2490 quo
788 2436 864 2477 tibi
887 2437 1026 2477 littera
1050 2444 1192 2476 nostra

189 2493 390 2543 redditur,
417 2508 439 2534 e
464 2501 588 2547 portu
612 2494 755 2534 navita
779 2493 910 2533 movit
933 2492 1024 2534 iter.
1528 2505 1569 2538 ιο

134 2564 384 2592 ascensurus
411 2565 543 2598 eram,
569 2550 650 2590 nisi
674 2549 788 2603 quod
814 2563 910 2591 cum
935 2549 1104 2590 vincula
1127 2562 1277 2603 prorae

192 2607 390 2656 solveret,
416 2606 459 2647 in
485 2606 664 2661 speculis
691 2606 825 2647 omnis
850 2606 1029 2660 Abydos
1055 2614 1155 2647 erat.

133 2679 217 2706 non
242 2670 431 2719 poteram
457 2664 592 2705 celare
616 2677 751 2712 meos,
777 2662 893 2704 velut
918 2670 1034 2712 ante,
1060 2670 1270 2717 parentes,

190 2734 401 2775 quemque
427 2720 513 2775 tegi
538 2720 751 2769 volumus,
777 2733 862 2760 non
886 2719 1075 2760 latuisset
1100 2733 1230 2760 amor.

137 2777 323 2833 protinus
350 2776 452 2820 haec
479 2776 665 2819 scribens
692 2777 832 2827 ‘felix,
857 2775 889 2826 i,
915 2775 1070 2818 littera'
1097 2775 1201 2817 dixi:
1528 2790 1569 2822 15
