<?xml version="1.0" encoding="UTF-8"?>
<!DOCTYPE html PUBLIC "-//W3C//DTD XHTML 1.0 Transitional//EN"
    "http://www.w3.org/TR/xhtml1/DTD/xhtml1-transitional.dtd">
<html xmlns="http://www.w3.org/1999/xhtml" xml:lang="en" lang="en">
 <head>
  <title>
</title>
<meta http-equiv="Content-Type" content="text/html;charset=utf-8" />
  <meta name='ocr-system' content='tesseract 3.04.00' />
  <meta name='ocr-capabilities' content='ocr_page ocr_carea ocr_par ocr_line ocrx_word'/>
</head>
<body>
  <div class='ocr_page' id='page_1' title='image "./carminao01oviduoft_0217.png"; bbox 0 0 1831 3168; ppageno 0'>
   <div class='ocr_carea' id='block_1_1' title="bbox 492 283 1200 322">
    <p class='ocr_par' dir='ltr' id='par_1_1' title="bbox 492 283 1200 322">
     <span class='ocr_line' id='line_1_1' title="bbox 492 283 1200 322; baseline -0.004 -1"><span class='ocrx_word' id='word_1_1' title='bbox 492 284 834 322; x_wconf 85' lang='lat' dir='ltr'><strong>REMEDIORUM</strong></span> <span class='ocrx_word' id='word_1_2' title='bbox 860 283 1051 320; x_wconf 83' lang='lat' dir='ltr'>AMORIS</span> <span class='ocrx_word' id='word_1_3' title='bbox 1077 283 1200 318; x_wconf 86' lang='lat'><strong>1—79.</strong></span> 
     </span>
    </p>
   </div>
   <div class='ocr_carea' id='block_1_2' title="bbox 161 367 1410 2868">
    <p class='ocr_par' dir='ltr' id='par_1_2' title="bbox 219 367 1134 410">
     <span class='ocr_line' id='line_1_2' title="bbox 219 367 1134 410; baseline -0.003 -1"><span class='ocrx_word' id='word_1_4' title='bbox 219 369 331 410; x_wconf 86' lang='lat' dir='ltr'>dicat</span> <span class='ocrx_word' id='word_1_5' title='bbox 358 374 397 409; x_wconf 90' lang='lat' dir='ltr'>et</span> <span class='ocrx_word' id='word_1_6' title='bbox 424 368 620 410; x_wconf 84' lang='lat' dir='ltr'>exclusus</span> <span class='ocrx_word' id='word_1_7' title='bbox 646 367 784 410; x_wconf 89' lang='lat' dir='ltr'>flebile</span> <span class='ocrx_word' id='word_1_8' title='bbox 811 373 950 409; x_wconf 85' lang='lat' dir='ltr'>cantet</span> <span class='ocrx_word' id='word_1_9' title='bbox 975 380 1134 407; x_wconf 86' lang='lat' dir='ltr'>amans.</span> 
     </span>
    </p>

    <p class='ocr_par' dir='ltr' id='par_1_3' title="bbox 161 421 1293 523">
     <span class='ocr_line' id='line_1_3' title="bbox 161 421 1293 466; baseline -0.004 0"><span class='ocrx_word' id='word_1_10' title='bbox 161 425 226 466; x_wconf 89' lang='lat' dir='ltr'>his</span> <span class='ocrx_word' id='word_1_11' title='bbox 251 424 434 466; x_wconf 82' lang='lat' dir='ltr'>lacrimis</span> <span class='ocrx_word' id='word_1_12' title='bbox 460 432 680 466; x_wconf 84' lang='lat' dir='ltr'>contentus</span> <span class='ocrx_word' id='word_1_13' title='bbox 706 424 786 465; x_wconf 89' lang='lat' dir='ltr'>eris</span> <span class='ocrx_word' id='word_1_14' title='bbox 812 424 900 465; x_wconf 89' lang='lat' dir='ltr'>sine</span> <span class='ocrx_word' id='word_1_15' title='bbox 927 423 1099 465; x_wconf 88' lang='lat' dir='ltr'>crimine</span> <span class='ocrx_word' id='word_1_16' title='bbox 1128 421 1293 463; x_wconf 89' lang='lat' dir='ltr'>mortis:</span> 
     </span>
     <span class='ocr_line' id='line_1_4' title="bbox 218 479 1169 536; baseline -0.002 -14"><span class='ocrx_word' id='word_1_17' title='bbox 218 496 303 523; x_wconf 92' lang='lat' dir='ltr'>non</span> <span class='ocrx_word' id='word_1_18' title='bbox 328 489 401 522; x_wconf 89' lang='lat' dir='ltr'>tua</span> <span class='ocrx_word' id='word_1_19' title='bbox 425 482 497 522; x_wconf 84' lang='lat' dir='ltr'>fax</span> <span class='ocrx_word' id='word_1_20' title='bbox 523 481 667 522; x_wconf 88' lang='lat' dir='ltr'>avidos</span> <span class='ocrx_word' id='word_1_21' title='bbox 694 481 824 536; x_wconf 84' lang='lat' dir='ltr'>digna</span> <span class='ocrx_word' id='word_1_22' title='bbox 849 480 989 522; x_wconf 91' lang='lat' dir='ltr'>subire</span> <span class='ocrx_word' id='word_1_23' title='bbox 1015 479 1169 535; x_wconf 55' lang='lat' dir='ltr'>rogos?</span> 
     </span>
    </p>

    <p class='ocr_par' dir='ltr' id='par_1_4' title="bbox 161 517 1288 650">
     <span class='ocr_line' id='line_1_5' title="bbox 161 517 1288 593; baseline -0.004 -13"><span class='ocrx_word' id='word_1_24' title='bbox 161 539 266 580; x_wconf 69' lang='lat' dir='ltr'>htcc</span> <span class='ocrx_word' id='word_1_25' title='bbox 292 553 384 593; x_wconf 83' lang='lat' dir='ltr'>ego.</span> <span class='ocrx_word' id='word_1_26' title='bbox 445 538 575 579; x_wconf 85' lang='lat' dir='ltr'>movit</span> <span class='ocrx_word' id='word_1_27' title='bbox 601 517 764 579; x_wconf 72' lang='lat' dir='ltr'>Amort&gt;</span> <span class='ocrx_word' id='word_1_28' title='bbox 762 545 996 593; x_wconf 83' lang='lat' dir='ltr'>gemmatas</span> <span class='ocrx_word' id='word_1_29' title='bbox 1022 550 1175 578; x_wconf 87' lang='lat' dir='ltr'>aureus</span> <span class='ocrx_word' id='word_1_30' title='bbox 1201 535 1288 576; x_wconf 87' lang='lat' dir='ltr'>alas</span> 
     </span>
     <span class='ocr_line' id='line_1_6' title="bbox 219 592 1202 650; baseline -0.003 -14"><span class='ocrx_word' id='word_1_31' title='bbox 219 603 258 637; x_wconf 89' lang='lat' dir='ltr'>et</span> <span class='ocrx_word' id='word_1_32' title='bbox 285 595 423 636; x_wconf 86' lang='lat' dir='ltr'>mihi‘</span> <span class='ocrx_word' id='word_1_33' title='bbox 432 595 694 650; x_wconf 87' lang='lat' dir='ltr'>propositum</span> <span class='ocrx_word' id='word_1_34' title='bbox 719 594 891 649; x_wconf 88' lang='lat' dir='ltr'>perfice’</span> <span class='ocrx_word' id='word_1_35' title='bbox 919 593 1060 634; x_wconf 86' lang='lat' dir='ltr'>dixit‘</span> <span class='ocrx_word' id='word_1_36' title='bbox 1069 592 1202 648; x_wconf 57' lang='lat' dir='ltr'>opus)</span> 
     </span>
    </p>

    <p class='ocr_par' dir='ltr' id='par_1_5' title="bbox 161 650 1192 763">
     <span class='ocr_line' id='line_1_7' title="bbox 161 650 1192 707; baseline -0.003 -13.997"><span class='ocrx_word' id='word_1_37' title='bbox 161 652 216 693; x_wconf 84' lang='lat' dir='ltr'>ad</span> <span class='ocrx_word' id='word_1_38' title='bbox 241 667 354 700; x_wconf 85' lang='lat' dir='ltr'>mea,</span> <span class='ocrx_word' id='word_1_39' title='bbox 381 652 580 707; x_wconf 88' lang='lat' dir='ltr'>decepti</span> <span class='ocrx_word' id='word_1_40' title='bbox 570 666 762 700; x_wconf 75' lang='lat' dir='ltr'>Iuvenes,</span> <span class='ocrx_word' id='word_1_41' title='bbox 788 658 1014 706; x_wconf 88' lang='lat' dir='ltr'>praccepta</span> <span class='ocrx_word' id='word_1_42' title='bbox 1038 650 1192 698; x_wconf 84' lang='lat' dir='ltr'>venite,</span> 
     </span>
     <span class='ocr_line' id='line_1_8' title="bbox 219 707 1143 763; baseline -0.003 -14"><span class='ocrx_word' id='word_1_43' title='bbox 219 723 326 763; x_wconf 88' lang='lat' dir='ltr'>quos</span> <span class='ocrx_word' id='word_1_44' title='bbox 353 724 454 750; x_wconf 90' lang='lat' dir='ltr'>suus</span> <span class='ocrx_word' id='word_1_45' title='bbox 480 724 532 751; x_wconf 83' lang='lat' dir='ltr'>cx</span> <span class='ocrx_word' id='word_1_46' title='bbox 558 708 671 749; x_wconf 87' lang='lat' dir='ltr'>omni</span> <span class='ocrx_word' id='word_1_47' title='bbox 696 715 813 763; x_wconf 88' lang='lat' dir='ltr'>parte</span> <span class='ocrx_word' id='word_1_48' title='bbox 839 707 988 748; x_wconf 86' lang='lat' dir='ltr'>fefellit</span> <span class='ocrx_word' id='word_1_49' title='bbox 1014 720 1143 747; x_wconf 86' lang='lat' dir='ltr'>amor.</span> 
     </span>
    </p>

    <p class='ocr_par' dir='ltr' id='par_1_6' title="bbox 162 763 1166 875">
     <span class='ocr_line' id='line_1_9' title="bbox 162 763 1162 820; baseline -0.002 -14"><span class='ocrx_word' id='word_1_50' title='bbox 162 766 310 808; x_wconf 83' lang='lat' dir='ltr'><strong>discite</strong></span> <span class='ocrx_word' id='word_1_51' title='bbox 336 766 495 815; x_wconf 84' lang='lat' dir='ltr'>sanari,</span> <span class='ocrx_word' id='word_1_52' title='bbox 522 780 598 820; x_wconf 90' lang='lat' dir='ltr'>per</span> <span class='ocrx_word' id='word_1_53' title='bbox 622 779 746 819; x_wconf 92' lang='lat' dir='ltr'>quem</span> <span class='ocrx_word' id='word_1_54' title='bbox 774 763 975 805; x_wconf 84' lang='lat' dir='ltr'>didicistis</span> <span class='ocrx_word' id='word_1_55' title='bbox 1001 776 1162 804; x_wconf 88' lang='lat' dir='ltr'>amare:</span> 
     </span>
     <span class='ocr_line' id='line_1_10' title="bbox 220 819 1180 875; baseline -0.004 -11"><span class='ocrx_word' id='word_1_56' title='bbox 220 838 304 864; x_wconf 91' lang='lat' dir='ltr'>una</span> <span class='ocrx_word' id='word_1_57' title='bbox 330 838 479 864; x_wconf 88' lang='lat' dir='ltr'>manus</span> <span class='ocrx_word' id='word_1_58' title='bbox 505 822 625 863; x_wconf 92' lang='lat' dir='ltr'>vobis</span> <span class='ocrx_word' id='word_1_59' title='bbox 652 822 802 862; x_wconf 93' lang='lat' dir='ltr'>vulnus</span> <span class='ocrx_word' id='word_1_60' title='bbox 828 833 1036 875; x_wconf 84' lang='lat' dir='ltr'>opemque</span> <span class='ocrx_word' id='word_1_61' title='bbox 1061 819 1180 860; x_wconf 85' lang='lat' dir='ltr'>feret.</span> 
     </span>
    </p>

    <p class='ocr_par' dir='ltr' id='par_1_7' title="bbox 162 878 1201 991">
     <span class='ocr_line' id='line_1_11' title="bbox 162 878 1164 931; baseline -0.003 -11"><span class='ocrx_word' id='word_1_62' title='bbox 162 888 273 921; x_wconf 86' lang='lat' dir='ltr'>terra</span> <span class='ocrx_word' id='word_1_63' title='bbox 299 880 502 921; x_wconf 87' lang='lat' dir='ltr'>salutares</span> <span class='ocrx_word' id='word_1_64' title='bbox 528 879 681 921; x_wconf 82' lang='lat' dir='ltr'>herbas</span> <span class='ocrx_word' id='word_1_65' title='bbox 707 878 939 931; x_wconf 88' lang='lat' dir='ltr'>eademque</span> <span class='ocrx_word' id='word_1_66' title='bbox 963 883 1164 918; x_wconf 83' lang='lat' dir='ltr'>nocentes</span> 
     </span>
     <span class='ocr_line' id='line_1_12' title="bbox 222 935 1215 991; baseline -0.003 -14"><span class='ocrx_word' id='word_1_67' title='bbox 222 937 374 985; x_wconf 88' lang='lat' dir='ltr'>nutrit,</span> <span class='ocrx_word' id='word_1_68' title='bbox 401 944 440 978; x_wconf 93' lang='lat' dir='ltr'>et</span> <span class='ocrx_word' id='word_1_69' title='bbox 466 936 625 977; x_wconf 88' lang='lat' dir='ltr'>urticae</span> <span class='ocrx_word' id='word_1_70' title='bbox 649 935 842 991; x_wconf 84' lang='lat' dir='ltr'>proxima</span> <span class='ocrx_word' id='word_1_71' title='bbox 867 948 993 988; x_wconf 85' lang='lat' dir='ltr'>saepe</span> <span class='ocrx_word' id='word_1_72' title='bbox 1018 947 1115 974; x_wconf 87' lang='lat' dir='ltr'>rosa</span> <span class='ocrx_word' id='word_1_73' title='bbox 1140 938 1215 974; x_wconf 86' lang='lat' dir='ltr'>est.</span> 
     </span>
    </p>

    <p class='ocr_par' dir='ltr' id='par_1_8' title="bbox 163 988 1337 1091">
     <span class='ocr_line' id='line_1_13' title="bbox 163 988 1337 1046; baseline -0.003 -12"><span class='ocrx_word' id='word_1_74' title='bbox 163 993 352 1034; x_wconf 81' lang='lat' dir='ltr'>vulnus</span> <span class='ocrx_word' id='word_1_75' title='bbox 341 1009 383 1033; x_wconf 91' lang='lat' dir='ltr'>1n</span> <span class='ocrx_word' id='word_1_76' title='bbox 411 993 623 1034; x_wconf 85' lang='lat' dir='ltr'>Herculeo</span> <span class='ocrx_word' id='word_1_77' title='bbox 650 1006 758 1046; x_wconf 86' lang='lat' dir='ltr'>quae</span> <span class='ocrx_word' id='word_1_78' title='bbox 783 990 997 1045; x_wconf 89' lang='lat' dir='ltr'>quondam</span> <span class='ocrx_word' id='word_1_79' title='bbox 1022 989 1180 1032; x_wconf 80' lang='lat' dir='ltr'>fecerat</span> <span class='ocrx_word' id='word_1_80' title='bbox 1204 988 1337 1037; x_wconf 89' lang='lat' dir='ltr'>hoste,</span> 
     </span>
     <span class='ocr_line' id='line_1_14' title="bbox 219 1047 1083 1091; baseline -0.004 -1"><span class='ocrx_word' id='word_1_81' title='bbox 219 1050 405 1091; x_wconf 85' lang='lat' dir='ltr'>vulneris</span> <span class='ocrx_word' id='word_1_82' title='bbox 431 1049 635 1090; x_wconf 89' lang='lat' dir='ltr'>auxilium</span> <span class='ocrx_word' id='word_1_83' title='bbox 659 1048 801 1090; x_wconf 82' lang='lat' dir='ltr'>Pelias</span> <span class='ocrx_word' id='word_1_84' title='bbox 827 1048 948 1088; x_wconf 89' lang='lat' dir='ltr'>hasta</span> <span class='ocrx_word' id='word_1_85' title='bbox 975 1047 1083 1088; x_wconf 88' lang='lat' dir='ltr'>tulit.</span> 
     </span>
    </p>

    <p class='ocr_par' dir='ltr' id='par_1_9' title="bbox 163 1101 1410 1217">
     <span class='ocr_line' id='line_1_15' title="bbox 163 1101 1410 1161; baseline -0.002 -14"><span class='ocrx_word' id='word_1_86' title='bbox 163 1107 238 1148; x_wconf 87' lang='lat' dir='ltr'>sed</span> <span class='ocrx_word' id='word_1_87' title='bbox 263 1120 556 1161; x_wconf 87' lang='lat' dir='ltr'>quaecumque</span> <span class='ocrx_word' id='word_1_88' title='bbox 582 1105 681 1147; x_wconf 73' lang='lat' dir='ltr'>vilis</span> <span class='ocrx_word' id='word_1_89' title='bbox 693 1137 702 1154; x_wconf 86' lang='lat'>‚</span> <span class='ocrx_word' id='word_1_90' title='bbox 729 1104 848 1145; x_wconf 85' lang='lat' dir='ltr'>vobis</span> <span class='ocrx_word' id='word_1_91' title='bbox 874 1117 1043 1158; x_wconf 89' lang='lat' dir='ltr'>quoque</span> <span class='ocrx_word' id='word_1_92' title='bbox 1069 1103 1204 1152; x_wconf 88' lang='lat' dir='ltr'>dicta,</span> <span class='ocrx_word' id='word_1_93' title='bbox 1230 1101 1410 1158; x_wconf 89' lang='lat' dir='ltr'>puellae,</span> 
     </span>
     <span class='ocr_line' id='line_1_16' title="bbox 221 1161 1173 1217; baseline -0.004 -13"><span class='ocrx_word' id='word_1_94' title='bbox 221 1164 390 1205; x_wconf 85' lang='lat' dir='ltr'>credite.</span> <span class='ocrx_word' id='word_1_95' title='bbox 452 1162 626 1205; x_wconf 86' lang='lat' dir='ltr'>diversis</span> <span class='ocrx_word' id='word_1_96' title='bbox 650 1161 841 1217; x_wconf 90' lang='lat' dir='ltr'>partibus</span> <span class='ocrx_word' id='word_1_97' title='bbox 868 1176 985 1202; x_wconf 87' lang='lat' dir='ltr'>arma</span> <span class='ocrx_word' id='word_1_98' title='bbox 1010 1161 1173 1201; x_wconf 90' lang='lat' dir='ltr'>damus.</span> 
     </span>
    </p>

    <p class='ocr_par' dir='ltr' id='par_1_10' title="bbox 164 1218 1256 1331">
     <span class='ocr_line' id='line_1_17' title="bbox 164 1218 1256 1274; baseline -0.004 -12"><span class='ocrx_word' id='word_1_99' title='bbox 164 1236 186 1262; x_wconf 90' lang='lat' dir='ltr'>e</span> <span class='ocrx_word' id='word_1_100' title='bbox 213 1220 367 1274; x_wconf 88' lang='lat' dir='ltr'>quibus</span> <span class='ocrx_word' id='word_1_101' title='bbox 394 1220 448 1261; x_wconf 89' lang='lat' dir='ltr'>ad</span> <span class='ocrx_word' id='word_1_102' title='bbox 473 1227 634 1262; x_wconf 84' lang='lat' dir='ltr'>vestros</span> <span class='ocrx_word' id='word_1_103' title='bbox 660 1218 799 1272; x_wconf 84' lang='lat' dir='ltr'>siquid</span> <span class='ocrx_word' id='word_1_104' title='bbox 823 1232 908 1259; x_wconf 93' lang='lat' dir='ltr'>non</span> <span class='ocrx_word' id='word_1_105' title='bbox 933 1218 1115 1273; x_wconf 85' lang='lat' dir='ltr'>pertinet</span> <span class='ocrx_word' id='word_1_106' title='bbox 1139 1231 1256 1266; x_wconf 84' lang='lat' dir='ltr'>usus,</span> 
     </span>
     <span class='ocr_line' id='line_1_18' title="bbox 221 1275 1136 1331; baseline -0.002 -13"><span class='ocrx_word' id='word_1_107' title='bbox 221 1284 406 1319; x_wconf 82' lang='lat' dir='ltr'>attamen</span> <span class='ocrx_word' id='word_1_108' title='bbox 433 1276 626 1331; x_wconf 82' lang='lat' dir='ltr'>exemplo</span> <span class='ocrx_word' id='word_1_109' title='bbox 650 1276 784 1316; x_wconf 85' lang='lat' dir='ltr'>multa</span> <span class='ocrx_word' id='word_1_110' title='bbox 809 1275 960 1317; x_wconf 91' lang='lat' dir='ltr'>docere</span> <span class='ocrx_word' id='word_1_111' title='bbox 984 1282 1136 1330; x_wconf 89' lang='lat' dir='ltr'>potest.</span> 
     </span>
    </p>

    <p class='ocr_par' dir='ltr' id='par_1_11' title="bbox 163 1332 1316 1445">
     <span class='ocr_line' id='line_1_19' title="bbox 163 1332 1316 1389; baseline -0.003 -15"><span class='ocrx_word' id='word_1_112' title='bbox 163 1334 264 1375; x_wconf 85' lang='lat' dir='ltr'>utile</span> <span class='ocrx_word' id='word_1_113' title='bbox 291 1334 553 1389; x_wconf 88' lang='lat' dir='ltr'>propositum</span> <span class='ocrx_word' id='word_1_114' title='bbox 578 1339 640 1374; x_wconf 90' lang='lat' dir='ltr'>est</span> <span class='ocrx_word' id='word_1_115' title='bbox 665 1347 812 1374; x_wconf 87' lang='lat' dir='ltr'>saevas</span> <span class='ocrx_word' id='word_1_116' title='bbox 839 1332 1086 1387; x_wconf 85' lang='lat' dir='ltr'>extinguere</span> <span class='ocrx_word' id='word_1_117' title='bbox 1111 1332 1316 1379; x_wconf 88' lang='lat' dir='ltr'>flammas,</span> 
     </span>
     <span class='ocr_line' id='line_1_20' title="bbox 221 1389 1067 1445; baseline -0.002 -13"><span class='ocrx_word' id='word_1_118' title='bbox 221 1405 299 1432; x_wconf 91' lang='lat' dir='ltr'>nec</span> <span class='ocrx_word' id='word_1_119' title='bbox 325 1406 493 1432; x_wconf 89' lang='lat' dir='ltr'>servum</span> <span class='ocrx_word' id='word_1_120' title='bbox 519 1389 609 1431; x_wconf 85' lang='lat' dir='ltr'>vitii</span> <span class='ocrx_word' id='word_1_121' title='bbox 633 1397 780 1445; x_wconf 87' lang='lat' dir='ltr'>pectus</span> <span class='ocrx_word' id='word_1_122' title='bbox 806 1389 963 1431; x_wconf 84' lang='lat' dir='ltr'>habere</span> <span class='ocrx_word' id='word_1_123' title='bbox 989 1389 1067 1430; x_wconf 87' lang='lat' dir='ltr'>sui.</span> 
     </span>
    </p>

    <p class='ocr_par' dir='ltr' id='par_1_12' title="bbox 163 1445 1173 1559">
     <span class='ocr_line' id='line_1_21' title="bbox 163 1445 1173 1502; baseline -0.002 -14"><span class='ocrx_word' id='word_1_124' title='bbox 163 1447 336 1489; x_wconf 72' lang='lat' dir='ltr'>vixisset</span> <span class='ocrx_word' id='word_1_125' title='bbox 360 1447 543 1502; x_wconf 85' lang='lat' dir='ltr'>Phyllis,</span> <span class='ocrx_word' id='word_1_126' title='bbox 570 1447 606 1488; x_wconf 91' lang='lat' dir='ltr'>si</span> <span class='ocrx_word' id='word_1_127' title='bbox 629 1461 697 1488; x_wconf 91' lang='lat' dir='ltr'>me</span> <span class='ocrx_word' id='word_1_128' title='bbox 723 1446 829 1489; x_wconf 89' lang='lat' dir='ltr'>foret</span> <span class='ocrx_word' id='word_1_129' title='bbox 855 1461 932 1488; x_wconf 87' lang='lat' dir='ltr'>usa</span> <span class='ocrx_word' id='word_1_130' title='bbox 956 1445 1173 1501; x_wconf 83' lang='lat' dir='ltr'>magistro,</span> 
     </span>
     <span class='ocr_line' id='line_1_22' title="bbox 222 1503 1125 1559; baseline -0.002 -13"><span class='ocrx_word' id='word_1_131' title='bbox 222 1512 263 1546; x_wconf 89' lang='lat' dir='ltr'>et</span> <span class='ocrx_word' id='word_1_132' title='bbox 287 1519 363 1559; x_wconf 91' lang='lat' dir='ltr'>per</span> <span class='ocrx_word' id='word_1_133' title='bbox 388 1504 501 1558; x_wconf 90' lang='lat' dir='ltr'>quod</span> <span class='ocrx_word' id='word_1_134' title='bbox 527 1503 691 1552; x_wconf 86' lang='lat' dir='ltr'>novies,</span> <span class='ocrx_word' id='word_1_135' title='bbox 718 1504 886 1559; x_wconf 84' lang='lat' dir='ltr'>saepius</span> <span class='ocrx_word' id='word_1_136' title='bbox 912 1504 1011 1545; x_wconf 89' lang='lat' dir='ltr'>isset</span> <span class='ocrx_word' id='word_1_137' title='bbox 1035 1504 1125 1545; x_wconf 89' lang='lat' dir='ltr'>iter.</span> 
     </span>
    </p>

    <p class='ocr_par' dir='ltr' id='par_1_13' title="bbox 163 1560 1177 1659">
     <span class='ocr_line' id='line_1_23' title="bbox 163 1560 1177 1603; baseline -0.002 -1"><span class='ocrx_word' id='word_1_138' title='bbox 163 1575 242 1603; x_wconf 89' lang='lat' dir='ltr'>nec</span> <span class='ocrx_word' id='word_1_139' title='bbox 266 1561 448 1602; x_wconf 89' lang='lat' dir='ltr'>moriens</span> <span class='ocrx_word' id='word_1_140' title='bbox 474 1560 588 1602; x_wconf 93' lang='lat' dir='ltr'>Dido</span> <span class='ocrx_word' id='word_1_141' title='bbox 614 1575 780 1602; x_wconf 87' lang='lat' dir='ltr'>summa</span> <span class='ocrx_word' id='word_1_142' title='bbox 804 1561 977 1602; x_wconf 83' lang='lat' dir='ltr'>vidisset</span> <span class='ocrx_word' id='word_1_143' title='bbox 1002 1560 1056 1601; x_wconf 90' lang='lat' dir='ltr'>ab</span> <span class='ocrx_word' id='word_1_144' title='bbox 1083 1573 1177 1601; x_wconf 89' lang='lat' dir='ltr'>arce</span> 
     </span>
     <span class='ocr_line' id='line_1_24' title="bbox 221 1617 1073 1659; baseline -0.001 -1"><span class='ocrx_word' id='word_1_145' title='bbox 221 1617 462 1659; x_wconf 88' lang='lat' dir='ltr'>Dardanias</span> <span class='ocrx_word' id='word_1_146' title='bbox 487 1624 613 1659; x_wconf 84' lang='lat' dir='ltr'>vento</span> <span class='ocrx_word' id='word_1_147' title='bbox 639 1617 733 1659; x_wconf 85' lang='lat' dir='ltr'>vela</span> <span class='ocrx_word' id='word_1_148' title='bbox 758 1617 924 1658; x_wconf 84' lang='lat' dir='ltr'>dedisse</span> <span class='ocrx_word' id='word_1_149' title='bbox 950 1624 1073 1658; x_wconf 86' lang='lat' dir='ltr'>rates.</span> 
     </span>
    </p>

    <p class='ocr_par' dir='ltr' id='par_1_14' title="bbox 164 1673 1290 1786">
     <span class='ocr_line' id='line_1_25' title="bbox 164 1673 1290 1721; baseline -0.003 -5"><span class='ocrx_word' id='word_1_150' title='bbox 164 1689 242 1716; x_wconf 87' lang='lat' dir='ltr'>nec</span> <span class='ocrx_word' id='word_1_151' title='bbox 269 1675 387 1715; x_wconf 93' lang='lat' dir='ltr'>dolor</span> <span class='ocrx_word' id='word_1_152' title='bbox 413 1681 615 1715; x_wconf 82' lang='lat' dir='ltr'>armasset</span> <span class='ocrx_word' id='word_1_153' title='bbox 642 1682 786 1715; x_wconf 85' lang='lat' dir='ltr'>contra</span> <span class='ocrx_word' id='word_1_154' title='bbox 812 1689 888 1714; x_wconf 87' lang='lat' dir='ltr'>sua</span> <span class='ocrx_word' id='word_1_155' title='bbox 913 1673 1075 1715; x_wconf 83' lang='lat' dir='ltr'>viscera</span> <span class='ocrx_word' id='word_1_156' title='bbox 1098 1680 1290 1721; x_wconf 87' lang='lat' dir='ltr'>matrem,</span> 
     </span>
     <span class='ocr_line' id='line_1_26' title="bbox 222 1730 1258 1786; baseline -0.002 -14"><span class='ocrx_word' id='word_1_157' title='bbox 222 1745 331 1786; x_wconf 87' lang='lat' dir='ltr'>quae</span> <span class='ocrx_word' id='word_1_158' title='bbox 357 1731 458 1772; x_wconf 91' lang='lat' dir='ltr'>socii</span> <span class='ocrx_word' id='word_1_159' title='bbox 484 1731 637 1772; x_wconf 88' lang='lat' dir='ltr'>damno</span> <span class='ocrx_word' id='word_1_160' title='bbox 662 1731 879 1785; x_wconf 84' lang='lat' dir='ltr'>sanguinis</span> <span class='ocrx_word' id='word_1_161' title='bbox 905 1731 994 1771; x_wconf 88' lang='lat' dir='ltr'>ulta</span> <span class='ocrx_word' id='word_1_162' title='bbox 1019 1730 1156 1770; x_wconf 83' lang='lat' dir='ltr'>virum</span> <span class='ocrx_word' id='word_1_163' title='bbox 1182 1737 1258 1771; x_wconf 90' lang='lat' dir='ltr'>est.</span> 
     </span>
    </p>

    <p class='ocr_par' dir='ltr' id='par_1_15' title="bbox 164 1787 1286 1900">
     <span class='ocr_line' id='line_1_27' title="bbox 164 1787 1286 1842; baseline -0.003 -12"><span class='ocrx_word' id='word_1_164' title='bbox 164 1795 253 1830; x_wconf 89' lang='lat' dir='ltr'>arte</span> <span class='ocrx_word' id='word_1_165' title='bbox 279 1803 374 1830; x_wconf 89' lang='lat' dir='ltr'>mea</span> <span class='ocrx_word' id='word_1_166' title='bbox 398 1788 580 1837; x_wconf 90' lang='lat' dir='ltr'>Tereus,</span> <span class='ocrx_word' id='word_1_167' title='bbox 606 1788 800 1841; x_wconf 89' lang='lat' dir='ltr'>quamvis</span> <span class='ocrx_word' id='word_1_168' title='bbox 825 1787 1063 1829; x_wconf 83' lang='lat' dir='ltr'>Philomela</span> <span class='ocrx_word' id='word_1_169' title='bbox 1088 1787 1286 1842; x_wconf 85' lang='lat' dir='ltr'>placeret,</span> 
     </span>
     <span class='ocr_line' id='line_1_28' title="bbox 222 1843 1083 1900; baseline -0.002 -14"><span class='ocrx_word' id='word_1_170' title='bbox 222 1860 297 1900; x_wconf 90' lang='lat' dir='ltr'>per</span> <span class='ocrx_word' id='word_1_171' title='bbox 322 1845 485 1887; x_wconf 87' lang='lat' dir='ltr'>facinus</span> <span class='ocrx_word' id='word_1_172' title='bbox 511 1844 601 1886; x_wconf 90' lang='lat' dir='ltr'>fieri</span> <span class='ocrx_word' id='word_1_173' title='bbox 625 1859 709 1885; x_wconf 90' lang='lat' dir='ltr'>non</span> <span class='ocrx_word' id='word_1_174' title='bbox 735 1844 954 1886; x_wconf 88' lang='lat' dir='ltr'>meruisset</span> <span class='ocrx_word' id='word_1_175' title='bbox 980 1843 1083 1885; x_wconf 83' lang='lat' dir='ltr'>avis.</span> 
     </span>
    </p>

    <p class='ocr_par' dir='ltr' id='par_1_16' title="bbox 165 1901 1285 2014">
     <span class='ocr_line' id='line_1_29' title="bbox 165 1901 1257 1957; baseline -0.004 -13"><span class='ocrx_word' id='word_1_176' title='bbox 165 1902 220 1944; x_wconf 91' lang='lat' dir='ltr'>da</span> <span class='ocrx_word' id='word_1_177' title='bbox 244 1901 346 1943; x_wconf 91' lang='lat' dir='ltr'>mihi</span> <span class='ocrx_word' id='word_1_178' title='bbox 371 1902 633 1957; x_wconf 69' lang='lat' dir='ltr'>Pasiphaen:</span> <span class='ocrx_word' id='word_1_179' title='bbox 660 1901 744 1942; x_wconf 89' lang='lat' dir='ltr'>iam</span> <span class='ocrx_word' id='word_1_180' title='bbox 770 1901 879 1943; x_wconf 89' lang='lat' dir='ltr'>tauri</span> <span class='ocrx_word' id='word_1_181' title='bbox 904 1908 1032 1957; x_wconf 88' lang='lat' dir='ltr'>ponet</span> <span class='ocrx_word' id='word_1_182' title='bbox 1057 1915 1257 1942; x_wconf 87' lang='lat' dir='ltr'>amorem.</span> 
     </span>
     <span class='ocr_line' id='line_1_30' title="bbox 222 1957 1285 2014; baseline -0.003 -14"><span class='ocrx_word' id='word_1_183' title='bbox 222 1959 277 2000; x_wconf 90' lang='lat' dir='ltr'>da</span> <span class='ocrx_word' id='word_1_184' title='bbox 300 1958 561 2000; x_wconf 85' lang='lat' dir='ltr'>Phaedram:</span> <span class='ocrx_word' id='word_1_185' title='bbox 588 1957 810 2000; x_wconf 88' lang='lat' dir='ltr'>Phaedrae</span> <span class='ocrx_word' id='word_1_186' title='bbox 836 1958 970 2014; x_wconf 90' lang='lat' dir='ltr'>turpis</span> <span class='ocrx_word' id='word_1_187' title='bbox 996 1957 1129 1999; x_wconf 88' lang='lat' dir='ltr'>abibit</span> <span class='ocrx_word' id='word_1_188' title='bbox 1155 1971 1285 1998; x_wconf 90' lang='lat' dir='ltr'>amor.</span> 
     </span>
    </p>

    <p class='ocr_par' dir='ltr' id='par_1_17' title="bbox 163 2013 1297 2128">
     <span class='ocr_line' id='line_1_31' title="bbox 163 2013 1297 2063; baseline -0.003 -6"><span class='ocrx_word' id='word_1_189' title='bbox 163 2015 293 2058; x_wconf 90' lang='lat' dir='ltr'>redde</span> <span class='ocrx_word' id='word_1_190' title='bbox 318 2015 449 2057; x_wconf 87' lang='lat' dir='ltr'>Parin</span> <span class='ocrx_word' id='word_1_191' title='bbox 474 2015 615 2057; x_wconf 89' lang='lat' dir='ltr'>nobis:</span> <span class='ocrx_word' id='word_1_192' title='bbox 642 2015 836 2057; x_wconf 91' lang='lat' dir='ltr'>Helenen</span> <span class='ocrx_word' id='word_1_193' title='bbox 860 2015 1084 2057; x_wconf 85' lang='lat' dir='ltr'>Menelaus</span> <span class='ocrx_word' id='word_1_194' title='bbox 1109 2013 1297 2063; x_wconf 88' lang='lat' dir='ltr'>habebit,</span> 
     </span>
     <span class='ocr_line' id='line_1_32' title="bbox 222 2071 1273 2128; baseline -0.002 -14"><span class='ocrx_word' id='word_1_195' title='bbox 222 2087 300 2114; x_wconf 91' lang='lat' dir='ltr'>nec</span> <span class='ocrx_word' id='word_1_196' title='bbox 325 2073 520 2114; x_wconf 88' lang='lat' dir='ltr'>manibus</span> <span class='ocrx_word' id='word_1_197' title='bbox 546 2072 709 2113; x_wconf 83' lang='lat' dir='ltr'>Danais</span> <span class='ocrx_word' id='word_1_198' title='bbox 733 2072 948 2128; x_wconf 84' lang='lat' dir='ltr'>Pergama</span> <span class='ocrx_word' id='word_1_199' title='bbox 971 2072 1084 2113; x_wconf 84' lang='lat' dir='ltr'>victa</span> <span class='ocrx_word' id='word_1_200' title='bbox 1109 2071 1273 2113; x_wconf 88' lang='lat' dir='ltr'>cadent.</span> 
     </span>
    </p>

    <p class='ocr_par' dir='ltr' id='par_1_18' title="bbox 163 2128 1109 2242">
     <span class='ocr_line' id='line_1_33' title="bbox 163 2128 1109 2185; baseline -0.001 -14"><span class='ocrx_word' id='word_1_201' title='bbox 163 2130 294 2185; x_wconf 88' lang='lat' dir='ltr'>impia</span> <span class='ocrx_word' id='word_1_202' title='bbox 319 2130 353 2171; x_wconf 90' lang='lat' dir='ltr'>si</span> <span class='ocrx_word' id='word_1_203' title='bbox 377 2137 541 2171; x_wconf 89' lang='lat' dir='ltr'>nostros</span> <span class='ocrx_word' id='word_1_204' title='bbox 566 2129 739 2184; x_wconf 85' lang='lat' dir='ltr'>legisset</span> <span class='ocrx_word' id='word_1_205' title='bbox 764 2128 909 2185; x_wconf 86' lang='lat' dir='ltr'>Scylla</span> <span class='ocrx_word' id='word_1_206' title='bbox 933 2129 1109 2179; x_wconf 88' lang='lat' dir='ltr'>libellos,</span> 
     </span>
     <span class='ocr_line' id='line_1_34' title="bbox 222 2186 1070 2242; baseline -0.002 -14"><span class='ocrx_word' id='word_1_207' title='bbox 222 2186 426 2228; x_wconf 86' lang='lat' dir='ltr'>haesisset</span> <span class='ocrx_word' id='word_1_208' title='bbox 451 2187 577 2242; x_wconf 88' lang='lat' dir='ltr'>capiti</span> <span class='ocrx_word' id='word_1_209' title='bbox 601 2201 810 2241; x_wconf 86' lang='lat' dir='ltr'>purpura,</span> <span class='ocrx_word' id='word_1_210' title='bbox 835 2187 958 2235; x_wconf 91' lang='lat' dir='ltr'>Nise,</span> <span class='ocrx_word' id='word_1_211' title='bbox 985 2194 1070 2227; x_wconf 87' lang='lat' dir='ltr'>tuo.</span> 
     </span>
    </p>

    <p class='ocr_par' dir='ltr' id='par_1_19' title="bbox 165 2242 1298 2355">
     <span class='ocr_line' id='line_1_35' title="bbox 165 2242 1298 2297; baseline -0.002 -13"><span class='ocrx_word' id='word_1_212' title='bbox 165 2258 233 2285; x_wconf 86' lang='lat' dir='ltr'>me</span> <span class='ocrx_word' id='word_1_213' title='bbox 259 2244 366 2285; x_wconf 87' lang='lat' dir='ltr'>duce</span> <span class='ocrx_word' id='word_1_214' title='bbox 392 2243 636 2291; x_wconf 85' lang='lat' dir='ltr'>damnosas,</span> <span class='ocrx_word' id='word_1_215' title='bbox 662 2243 871 2292; x_wconf 90' lang='lat' dir='ltr'>homines,</span> <span class='ocrx_word' id='word_1_216' title='bbox 898 2242 1136 2297; x_wconf 87' lang='lat' dir='ltr'>conpescite</span> <span class='ocrx_word' id='word_1_217' title='bbox 1163 2255 1298 2289; x_wconf 87' lang='lat' dir='ltr'>curas,</span> 
     </span>
     <span class='ocr_line' id='line_1_36' title="bbox 223 2299 1166 2355; baseline -0.004 -13"><span class='ocrx_word' id='word_1_218' title='bbox 223 2308 422 2354; x_wconf 86' lang='lat' dir='ltr'>rectaque</span> <span class='ocrx_word' id='word_1_219' title='bbox 449 2299 690 2355; x_wconf 88' lang='lat' dir='ltr'>compositis</span> <span class='ocrx_word' id='word_1_220' title='bbox 715 2315 781 2341; x_wconf 90' lang='lat' dir='ltr'>me</span> <span class='ocrx_word' id='word_1_221' title='bbox 808 2300 914 2341; x_wconf 89' lang='lat' dir='ltr'>duce</span> <span class='ocrx_word' id='word_1_222' title='bbox 940 2299 1060 2340; x_wconf 89' lang='lat' dir='ltr'>navis</span> <span class='ocrx_word' id='word_1_223' title='bbox 1087 2305 1166 2340; x_wconf 87' lang='lat' dir='ltr'>eat.</span> 
     </span>
    </p>

    <p class='ocr_par' dir='ltr' id='par_1_20' title="bbox 166 2355 1306 2468">
     <span class='ocr_line' id='line_1_37' title="bbox 166 2355 1306 2411; baseline -0.003 -13"><span class='ocrx_word' id='word_1_224' title='bbox 166 2357 282 2398; x_wconf 88' lang='lat' dir='ltr'>Naso</span> <span class='ocrx_word' id='word_1_225' title='bbox 307 2356 512 2411; x_wconf 84' lang='lat' dir='ltr'>legendus</span> <span class='ocrx_word' id='word_1_226' title='bbox 537 2365 626 2398; x_wconf 86' lang='lat' dir='ltr'>erat</span> <span class='ocrx_word' id='word_1_227' title='bbox 652 2363 761 2406; x_wconf 89' lang='lat' dir='ltr'>tum,</span> <span class='ocrx_word' id='word_1_228' title='bbox 794 2370 891 2397; x_wconf 92' lang='lat' dir='ltr'>cum</span> <span class='ocrx_word' id='word_1_229' title='bbox 916 2355 1119 2396; x_wconf 89' lang='lat' dir='ltr'>didicistis</span> <span class='ocrx_word' id='word_1_230' title='bbox 1146 2368 1306 2396; x_wconf 85' lang='lat' dir='ltr'>amare:</span> 
     </span>
     <span class='ocr_line' id='line_1_38' title="bbox 224 2411 1104 2468; baseline -0.002 -14"><span class='ocrx_word' id='word_1_231' title='bbox 224 2413 336 2454; x_wconf 91' lang='lat' dir='ltr'>idem</span> <span class='ocrx_word' id='word_1_232' title='bbox 361 2428 473 2455; x_wconf 90' lang='lat' dir='ltr'>nunc</span> <span class='ocrx_word' id='word_1_233' title='bbox 499 2413 618 2455; x_wconf 85' lang='lat' dir='ltr'>vobis</span> <span class='ocrx_word' id='word_1_234' title='bbox 644 2412 759 2454; x_wconf 89' lang='lat' dir='ltr'>Naso</span> <span class='ocrx_word' id='word_1_235' title='bbox 783 2412 988 2468; x_wconf 85' lang='lat' dir='ltr'>legendus</span> <span class='ocrx_word' id='word_1_236' title='bbox 1015 2411 1104 2453; x_wconf 87' lang='lat' dir='ltr'>erit.</span> 
     </span>
    </p>

    <p class='ocr_par' dir='ltr' id='par_1_21' title="bbox 168 2468 1199 2582">
     <span class='ocr_line' id='line_1_39' title="bbox 168 2468 1199 2526; baseline -0.003 -14"><span class='ocrx_word' id='word_1_237' title='bbox 168 2470 362 2526; x_wconf 87' lang='lat' dir='ltr'>publicus</span> <span class='ocrx_word' id='word_1_238' title='bbox 390 2477 570 2512; x_wconf 88' lang='lat' dir='ltr'>assertor</span> <span class='ocrx_word' id='word_1_239' title='bbox 594 2469 774 2511; x_wconf 89' lang='lat' dir='ltr'>dominis</span> <span class='ocrx_word' id='word_1_240' title='bbox 800 2484 1024 2525; x_wconf 86' lang='lat' dir='ltr'>suppressa</span> <span class='ocrx_word' id='word_1_241' title='bbox 1048 2468 1199 2510; x_wconf 87' lang='lat' dir='ltr'>levabo</span> 
     </span>
     <span class='ocr_line' id='line_1_40' title="bbox 225 2526 1162 2592; baseline -0.002 -23"><span class='ocrx_word' id='word_1_242' title='bbox 225 2534 414 2582; x_wconf 85' lang='lat' dir='ltr'>pectora:</span> <span class='ocrx_word' id='word_1_243' title='bbox 441 2526 651 2592; x_wconf 78' lang='lat' dir='ltr'>vindictae</span> <span class='ocrx_word' id='word_1_244' title='bbox 678 2526 857 2581; x_wconf 89' lang='lat' dir='ltr'>quisque</span> <span class='ocrx_word' id='word_1_245' title='bbox 882 2527 1022 2568; x_wconf 87' lang='lat' dir='ltr'>favete</span> <span class='ocrx_word' id='word_1_246' title='bbox 1048 2541 1162 2567; x_wconf 88' lang='lat' dir='ltr'>suae.</span> 
     </span>
    </p>

    <p class='ocr_par' dir='ltr' id='par_1_22' title="bbox 168 2582 1267 2696">
     <span class='ocr_line' id='line_1_41' title="bbox 168 2582 1189 2639; baseline 0 -15"><span class='ocrx_word' id='word_1_247' title='bbox 168 2591 209 2626; x_wconf 85' lang='lat' dir='ltr'>te</span> <span class='ocrx_word' id='word_1_248' title='bbox 234 2598 383 2639; x_wconf 92' lang='lat' dir='ltr'>precor</span> <span class='ocrx_word' id='word_1_249' title='bbox 407 2583 629 2638; x_wconf 85' lang='lat' dir='ltr'>incipiens.</span> <span class='ocrx_word' id='word_1_250' title='bbox 656 2583 765 2625; x_wconf 87' lang='lat' dir='ltr'>adsit</span> <span class='ocrx_word' id='word_1_251' title='bbox 789 2591 863 2625; x_wconf 85' lang='lat' dir='ltr'>tua</span> <span class='ocrx_word' id='word_1_252' title='bbox 886 2583 1030 2625; x_wconf 85' lang='lat' dir='ltr'>laurea</span> <span class='ocrx_word' id='word_1_253' title='bbox 1053 2582 1189 2631; x_wconf 86' lang='lat' dir='ltr'>nobis,</span> 
     </span>
     <span class='ocr_line' id='line_1_42' title="bbox 228 2638 1282 2696; baseline -0.003 -14"><span class='ocrx_word' id='word_1_254' title='bbox 228 2640 423 2682; x_wconf 86' lang='lat' dir='ltr'>carminis</span> <span class='ocrx_word' id='word_1_255' title='bbox 449 2648 489 2682; x_wconf 92' lang='lat' dir='ltr'>et</span> <span class='ocrx_word' id='word_1_256' title='bbox 513 2640 720 2690; x_wconf 89' lang='lat' dir='ltr'>medicae,</span> <span class='ocrx_word' id='word_1_257' title='bbox 745 2640 939 2690; x_wconf 91' lang='lat' dir='ltr'>Phoebe,</span> <span class='ocrx_word' id='word_1_258' title='bbox 965 2647 1152 2696; x_wconf 86' lang='lat' dir='ltr'>repertor</span> <span class='ocrx_word' id='word_1_259' title='bbox 1177 2638 1282 2695; x_wconf 90' lang='lat' dir='ltr'>opis.</span> 
     </span>
    </p>

    <p class='ocr_par' dir='ltr' id='par_1_23' title="bbox 169 2697 1158 2808">
     <span class='ocr_line' id='line_1_43' title="bbox 169 2697 1158 2752; baseline 0 -14"><span class='ocrx_word' id='word_1_260' title='bbox 169 2705 216 2738; x_wconf 89' lang='lat' dir='ltr'>tu</span> <span class='ocrx_word' id='word_1_261' title='bbox 241 2697 397 2752; x_wconf 85' lang='lat' dir='ltr'>pariter</span> <span class='ocrx_word' id='word_1_262' title='bbox 421 2697 525 2746; x_wconf 87' lang='lat' dir='ltr'>vati,</span> <span class='ocrx_word' id='word_1_263' title='bbox 550 2698 707 2752; x_wconf 90' lang='lat' dir='ltr'>pariter</span> <span class='ocrx_word' id='word_1_264' title='bbox 731 2712 928 2740; x_wconf 87' lang='lat' dir='ltr'>succurre</span> <span class='ocrx_word' id='word_1_265' title='bbox 953 2697 1158 2739; x_wconf 88' lang='lat' dir='ltr'>medenti:</span> 
     </span>
     <span class='ocr_line' id='line_1_44' title="bbox 227 2754 1077 2808; baseline -0.001 -13"><span class='ocrx_word' id='word_1_266' title='bbox 227 2762 405 2808; x_wconf 90' lang='lat' dir='ltr'>utraque</span> <span class='ocrx_word' id='word_1_267' title='bbox 430 2755 585 2796; x_wconf 89' lang='lat' dir='ltr'>tutelae</span> <span class='ocrx_word' id='word_1_268' title='bbox 611 2754 779 2796; x_wconf 87' lang='lat' dir='ltr'>subdita</span> <span class='ocrx_word' id='word_1_269' title='bbox 803 2769 904 2796; x_wconf 90' lang='lat' dir='ltr'>cura</span> <span class='ocrx_word' id='word_1_270' title='bbox 927 2761 1077 2796; x_wconf 88' lang='lat' dir='ltr'>tuaest.</span> 
     </span>
    </p>

    <p class='ocr_par' dir='ltr' id='par_1_24' title="bbox 171 2811 1292 2868">
     <span class='ocr_line' id='line_1_45' title="bbox 171 2811 1292 2868; baseline 0 -16"><span class='ocrx_word' id='word_1_271' title='bbox 171 2811 271 2852; x_wconf 81' lang='lat' dir='ltr'>duni</span> <span class='ocrx_word' id='word_1_272' title='bbox 298 2811 394 2853; x_wconf 89' lang='lat' dir='ltr'>licet</span> <span class='ocrx_word' id='word_1_273' title='bbox 419 2818 458 2853; x_wconf 92' lang='lat' dir='ltr'>et</span> <span class='ocrx_word' id='word_1_274' title='bbox 483 2811 638 2853; x_wconf 86' lang='lat' dir='ltr'>modici</span> <span class='ocrx_word' id='word_1_275' title='bbox 663 2819 841 2867; x_wconf 84' lang='lat' dir='ltr'>tangunt</span> <span class='ocrx_word' id='word_1_276' title='bbox 867 2811 1113 2868; x_wconf 88' lang='lat' dir='ltr'>praecordia</span> <span class='ocrx_word' id='word_1_277' title='bbox 1137 2817 1292 2861; x_wconf 88' lang='lat' dir='ltr'>motus,</span> 
     </span>
    </p>
   </div>
   <div class='ocr_carea' id='block_1_3' title="bbox 1455 271 1536 314">
    <p class='ocr_par' dir='ltr' id='par_1_25' title="bbox 1455 271 1536 314">
     <span class='ocr_line' id='line_1_46' title="bbox 1455 271 1536 314; baseline -0.012 0"><span class='ocrx_word' id='word_1_278' title='bbox 1455 271 1536 314; x_wconf 82' lang='lat'>197</span> 
     </span>
    </p>
   </div>
   <div class='ocr_carea' id='block_1_4' title="bbox 1562 602 1606 633">
    <p class='ocr_par' dir='ltr' id='par_1_26' title="bbox 1562 602 1606 633">
     <span class='ocr_line' id='line_1_47' title="bbox 1562 602 1606 633; baseline 0.023 -1"><span class='ocrx_word' id='word_1_279' title='bbox 1562 602 1606 633; x_wconf 83' lang='lat'>40</span> 
     </span>
    </p>
   </div>
   <div class='ocr_carea' id='block_1_5' title="bbox 1562 885 1604 915">
    <p class='ocr_par' dir='ltr' id='par_1_27' title="bbox 1562 885 1604 915">
     <span class='ocr_line' id='line_1_48' title="bbox 1562 885 1604 915; baseline 0 0"><span class='ocrx_word' id='word_1_280' title='bbox 1562 885 1604 915; x_wconf 81' lang='lat'>45</span> 
     </span>
    </p>
   </div>
   <div class='ocr_carea' id='block_1_6' title="bbox 1564 1170 1607 1200">
    <p class='ocr_par' dir='ltr' id='par_1_28' title="bbox 1564 1170 1607 1200">
     <span class='ocr_line' id='line_1_49' title="bbox 1564 1170 1607 1200; baseline 0 0"><span class='ocrx_word' id='word_1_281' title='bbox 1564 1170 1607 1200; x_wconf 82' lang='lat'>50</span> 
     </span>
    </p>
   </div>
   <div class='ocr_carea' id='block_1_7' title="bbox 1564 1455 1605 1486">
    <p class='ocr_par' dir='ltr' id='par_1_29' title="bbox 1564 1455 1605 1486">
     <span class='ocr_line' id='line_1_50' title="bbox 1564 1455 1605 1486; baseline -0.024 0"><span class='ocrx_word' id='word_1_282' title='bbox 1564 1455 1605 1486; x_wconf 76' lang='lat'>55</span> 
     </span>
    </p>
   </div>
   <div class='ocr_carea' id='block_1_8' title="bbox 1567 1740 1609 1771">
    <p class='ocr_par' dir='ltr' id='par_1_30' title="bbox 1567 1740 1609 1771">
     <span class='ocr_line' id='line_1_51' title="bbox 1567 1740 1609 1771; baseline -0.024 0"><span class='ocrx_word' id='word_1_283' title='bbox 1567 1740 1609 1771; x_wconf 83' lang='lat'>60</span> 
     </span>
    </p>
   </div>
   <div class='ocr_carea' id='block_1_9' title="bbox 1567 2024 1608 2055">
    <p class='ocr_par' dir='ltr' id='par_1_31' title="bbox 1567 2024 1608 2055">
     <span class='ocr_line' id='line_1_52' title="bbox 1567 2024 1608 2055; baseline 0 0"><span class='ocrx_word' id='word_1_284' title='bbox 1567 2024 1608 2055; x_wconf 77' lang='lat'>65</span> 
     </span>
    </p>
   </div>
  </div>
 </body>
</html>
