1831 3168
384 230 440 272 84
842 239 885 274 Ρ.
914 240 1059 277 OVIDI
1084 239 1303 276 NASONIS

382 336 461 363 nec
487 320 638 363 femori
664 321 880 364 committe
906 321 1045 364 femur
1069 337 1147 364 nec
1173 336 1293 364 crure
1320 322 1497 367 cohaere

441 393 519 420 nec
545 385 738 420 tenerum
764 378 870 420 duro
897 393 994 421 cum
1020 379 1164 434 pede
1154 394 1282 435 muge
1307 380 1473 434 pedem.

314 450 356 478 45
384 435 517 477 multa
542 435 669 476 miser
694 435 841 485 timeo,
868 436 968 490 quia
992 435 1075 478 feci
1099 416 1255 478 multaD
1258 444 1465 492 proterve,

439 492 707 546 exemplique
733 500 848 534 metu
874 502 1074 548 tor-queoi
1099 508 1196 536 ecce
1221 493 1316 535 mei.

382 563 508 604 saepe
533 548 636 590 mihi
662 549 944 604 dominaeque
969 565 1089 592 meae
1114 558 1339 606 properata
1363 551 1558 607 voluptas

437 612 555 648 veste
581 605 660 647 sub
685 606 840 648 iniecta
865 607 988 649 dulce
1012 608 1177 663 peregit
1202 622 1321 662 opus.

380 662 461 705 hoc
486 669 533 705 tu
556 677 642 705 non
668 663 811 706 facies.
873 664 948 706 sed
973 679 1025 706 ne
1051 663 1203 707 fecisse
1228 665 1401 720 putc1is,

311 734 354 764 50
438 720 607 762 conscia
633 720 798 763 detecto
824 722 953 776 pallia
979 721 1101 764 deme
1127 729 1231 764 toro,

379 777 443 819 vir
468 777 587 819 bibat
612 792 746 832 usque
771 792 894 834 roga3
921 779 1117 834 precibus
1143 786 1284 821 tamen
1310 779 1455 822 oscula
1480 779 1631 829 desint,

438 834 625 890 dumque
650 834 776 884 bibit,
802 835 968 886 furtim,
995 836 1030 877 si
1054 843 1193 891 potes,
1219 836 1328 877 adde
1354 851 1531 879 merum.

381 891 415 933 si
440 891 549 933 bene
575 892 821 948 conpositus
848 907 995 934 somno
1022 894 1206 947 vinoque
1232 893 1400 943 iacebit,

437 949 660 990 consilium
685 949 807 991 nobis
833 964 984 1003 resque
1009 949 1212 1003 locusque
1239 949 1414 991 dabunt.

310 1018 353 1049 55
380 1020 477 1047 cum
502 1020 651 1060 surges
678 1006 845 1047 abitura
869 1006 1064 1056 domun),
1092 1021 1315 1061 surgemus
1342 1013 1384 1048 et
1409 1020 1568 1057 omnes,

435 1063 479 1104 in
503 1063 692 1104 medium
717 1062 865 1105 turbae
891 1062 960 1105 fac
984 1077 1145 1104 memor
1170 1078 1324 1118 agmen
1351 1078 1435 1105 eas.

379 1120 549 1175 agmine
573 1134 642 1161 me
666 1119 877 1169 invenies,
903 1128 976 1162 aut
1000 1120 1226 1162 invenieris
1252 1120 1296 1161 in
1320 1120 1413 1161 1110·

406 1156 644 1231 oquidquid
668 1176 729 1218 ibi
753 1177 909 1233 poteris
935 1185 1129 1233 tangeie,
1156 1184 1284 1232 tange
1308 1178 1406 1219 mei.

377 1249 445 1276 me
470 1233 692 1276 miserum!
729 1234 895 1284 monui,
921 1249 1079 1290 paucas
1105 1234 1219 1288 quod
1230 1212 1376 1290 prosit
1400 1235 1444 1276 in
1468 1234 1613 1277 horas:

310 1304 352 1335 60
435 1306 606 1347 separer
632 1307 657 1332 a
682 1291 854 1333 domina
878 1300 1000 1333 nocte
1026 1292 1207 1333 iubente
1225 1291 1338 1333 mea!

376 1356 500 1391 nocte
525 1348 590 1390 vir
613 1348 813 1390 includet.
874 1348 1057 1391 lacrimis
1084 1363 1163 1403 ego
1189 1356 1376 1390 maestus
1403 1349 1575 1399 obortis,

434 1420 520 1460 qua
543 1405 660 1455 licet,
686 1405 741 1447 ad
766 1420 915 1448 saevas
941 1420 1173 1461 prosequar
1198 1419 1333 1460 usque
1359 1406 1484 1448 fores.

377 1462 522 1504 oscula
545 1462 631 1504 iam
657 1470 807 1504 sumet.
867 1463 952 1505 iam
976 1477 1061 1504 non
1087 1470 1252 1504 tantum
1278 1464 1423 1505 oscula
1447 1471 1605 1506 sumet:

433 1519 548 1573 quod
574 1519 677 1561 mihi
702 1520 777 1561 das
802 1519 970 1570 furtim,
996 1520 1086 1561 iure
1113 1527 1259 1562 coacta
1285 1520 1418 1562 dabis.

308 1589 349 1619 65
379 1590 527 1618 verum
551 1576 685 1618 invita
711 1576 809 1618 dato
833 1602 892 1606 —
915 1584 1035 1642 potes
1061 1576 1142 1618 hoc
1166 1601 1224 1606 —
1249 1576 1480 1631 similisque
1506 1585 1698 1621 coactae:

434 1633 664 1675 blanditiae
689 1640 875 1683 taceant,
902 1635 1038 1688 sitque
1063 1634 1251 1689 maligna
1275 1633 1438 1676 Venus.

377 1690 411 1731 si
437 1705 532 1756 mea
557 1697 656 1732 vota
680 1691 844 1740 valent,
869 1691 988 1732 illum
1015 1705 1186 1746 quoque
1211 1706 1265 1733 ne
1289 1691 1427 1742 iuvet,
1453 1699 1573 1748 opto:

434 1747 469 1789 si
492 1747 653 1797 minus,
679 1755 722 1789 at
747 1756 859 1790 certe
884 1756 924 1790 te
949 1748 1067 1790 iuvet
1090 1748 1188 1790 inde
1213 1748 1330 1789 nihil.

377 1804 451 1846 sed
476 1818 773 1859 quaecumque
798 1813 940 1847 tamen
965 1813 1132 1847 noctem
1158 1805 1330 1846 fortuna
1355 1813 1569 1861 sequetur,

308 1876 349 1906 70
434 1875 525 1903 cras
552 1861 655 1903 mihi
681 1863 889 1904 constanti
916 1877 1019 1904 voce
1045 1862 1212 1905 dedisse
1238 1877 1363 1918 nega.

1038 1965 1093 2007 V.

374 2033 533 2075 Aestus
560 2041 666 2083 erat,
691 2033 961 2088 mediamque
989 2034 1076 2075 dies
1103 2041 1303 2089 exegerat
1328 2033 1490 2076 horam.

432 2090 611 2145 adposui
636 2091 776 2133 medio
801 2091 994 2133 membra
1017 2091 1200 2132 levanda
1225 2099 1329 2132 toro.

373 2163 470 2203 pars
497 2147 699 2202 adaperta
723 2148 823 2198 fuit,
848 2163 945 2203 pars
971 2148 1103 2189 altera
1129 2149 1274 2189 clausa
1298 2148 1522 2199 fenestrae,

430 2205 555 2258 quale
581 2204 670 2246 fere
696 2204 827 2247 silvae
851 2205 996 2247 lumen
1020 2204 1178 2247 habere
1205 2205 1358 2247 solent:

327 2274 347 2304 5
373 2261 515 2316 qualia
541 2261 765 2304 sublucent
788 2261 979 2318 fugiente
1005 2262 1254 2317 crepuscula
1277 2261 1470 2314 Phoebo,

431 2326 503 2360 aut
527 2318 601 2360 ubi
625 2333 710 2360 nox
736 2319 860 2368 abiit,
886 2334 964 2361 nec
990 2326 1131 2361 tamen
1157 2326 1249 2360 orta
1274 2320 1378 2361 dies.

371 2377 444 2418 illa
468 2376 719 2418 verecundis
744 2376 818 2418 lux
844 2384 906 2418 est
930 2376 1175 2431 praebenda
1199 2376 1364 2431 puellis,

430 2448 515 2487 qua
539 2433 710 2475 timidus
735 2433 920 2475 latebras
945 2441 1084 2489 speiet
1109 2433 1265 2475 habere
1290 2433 1440 2488 pudor.

373 2505 470 2533 ecce
498 2488 687 2532 Corinna
713 2491 847 2541 venit,
873 2490 1016 2532 tunica
1042 2490 1180 2532 velata
1204 2490 1405 2540 recincta,

305 2559 346 2590 10
429 2547 610 2588 candida
636 2547 809 2589 dividua
834 2548 942 2589 colla
967 2555 1136 2603 tegente
1162 2562 1303 2589 coma:

371 2604 552 2657 qualiter
575 2604 619 2645 in
645 2604 851 2646 thalamos
877 2604 1041 2646 famosa
1067 2603 1314 2646 Semiramis
1338 2604 1421 2646 isse

429 2660 582 2702 dicitur
608 2669 649 2702 et
673 2662 816 2703 multis
841 2661 945 2703 Lais
971 2669 1112 2703 amata
1137 2662 1250 2702 viris.

372 2717 537 2772 deripui
562 2718 760 2759 tunicam.
820 2733 898 2760 nec
923 2719 1104 2759 multum
1130 2734 1224 2759 rara
1248 2717 1426 2759 nocebat
1435 2733 1447 2767 ;

428 2774 647 2830 pugnabat
675 2775 817 2816 tunica
843 2775 916 2817 sed
943 2784 1083 2817 tamen
1108 2775 1178 2816 illa
1203 2775 1303 2830 tegi.
