1831 3168
428 282 770 319 REMEDIORUM
795 280 987 317 AMORIS
1013 281 1204 316 168—255.

193 367 282 422 ipse
308 365 383 407 tibi
409 364 553 406 furtim
580 364 851 420 decipiendus
877 363 971 405 eris.

134 430 180 465 tu
206 431 389 471 tantum,
415 422 607 476 quamvis
634 421 764 462 firmis
789 421 1022 463 retinebere
1048 419 1209 468 vinclis,

194 481 205 520 i
231 480 377 535 procul
404 487 444 521 et
468 480 616 534 longas
642 493 813 534 carpere
839 492 968 533 perge
993 477 1096 517 vias.

134 537 274 585 flebis,
302 544 342 577 et
368 544 556 577 occurret
584 536 773 577 desertae
798 549 952 576 nomen
978 534 1152 580 amicae,

193 592 320 634 stabit
345 600 385 634 et
410 593 451 633 in
477 592 616 634 media
640 607 714 647 pes
740 591 815 632 tibi
841 606 965 646 saepe
991 590 1071 631 via.

135 650 209 691 scd
234 657 391 703 quanto
417 649 556 690 minus
582 649 640 690 ire
667 649 800 697 voles,
828 648 962 702 magis
986 647 1046 688 ire
1071 652 1301 688 memento:

192 706 331 761 perfer
356 714 395 747 et
422 706 574 747 invitos
601 720 767 747 currere
793 719 897 759 coge
922 704 1064 759 pedes.

138 778 213 806 nec
239 763 403 817 pluvias
430 770 547 818 opta,
573 777 651 804 nec
676 770 716 803 te
743 760 965 816 peregrina
990 766 1206 801 morentur

194 819 370 861 sabbata
394 834 472 861 nec
498 819 661 860 damnis
687 819 801 859 Allia
826 825 926 858 nota
950 816 1049 858 suis.

138 890 214 919 nec
240 884 343 930 quot
368 876 602 925 transieris,
628 875 701 917 sed
728 882 829 929 quot
854 873 948 922 tibi,
974 887 1150 926 quaere,
1176 870 1387 927 supersint

195 933 326 973 milia:
352 947 448 982 nec,
474 948 646 974 maneas
672 940 718 973 ut
742 945 892 987 prope,
917 930 1029 985 finge
1055 943 1212 970 moras:

135 996 326 1044 tempora
350 1004 428 1031 nec
453 1004 648 1037 numera,
673 1003 751 1030 nee
777 988 922 1029 crebro
948 987 1109 1041 respice
1134 986 1330 1035 Romam,

194 1046 268 1087 sed
292 1046 413 1101 fuge:
440 1054 555 1087 tutus
580 1046 718 1087 adhuc
742 1044 927 1085 Parthus
954 1044 1007 1085 ab
1032 1043 1152 1085 hoste
1176 1043 1281 1097 fuga
1307 1049 1382 1084 est.

137 1102 242 1144 dura
268 1103 417 1157 aliquis
442 1110 667 1158 praecepta
691 1110 811 1143 vocet
837 1101 957 1143 mea?
994 1100 1100 1142 dura
1124 1100 1307 1142 fatemur

195 1174 306 1201 esse:
333 1160 406 1201 sed
433 1168 479 1200 ut
504 1159 663 1209 valeas,
689 1159 822 1199 multa
847 1158 1028 1199 dolenda
1053 1157 1176 1199 feres.

136 1231 262 1271 saepe
288 1216 376 1257 bibi
402 1231 542 1264 sucos,
569 1215 761 1270 quamvis
785 1215 962 1264 invitus,
989 1228 1153 1255 amaros

194 1288 334 1328 aeger,
360 1280 401 1315 et
427 1273 562 1314 oranti
587 1287 732 1314 mensa
755 1279 910 1327 negata
934 1271 1050 1312 mihi.

135 1338 182 1371 ut
208 1344 359 1385 corpus
383 1330 585 1379 redimas,
611 1330 769 1371 ferrum
795 1329 966 1384 patieris
992 1335 1034 1370 et
1057 1328 1192 1384 ignes,

193 1387 310 1427 arida
334 1401 412 1428 nec
438 1387 580 1428 sitiens
607 1401 680 1428 ora
704 1387 864 1428 levabis
891 1400 1019 1440 aqua:

135 1450 183 1485 ut
207 1444 348 1485 valeas
374 1443 532 1493 animo,
557 1444 784 1498 quicquam
809 1444 986 1485 tolerare
1012 1441 1213 1497 negabis?

196 1507 238 1541 at
262 1499 443 1555 pretium
469 1515 565 1556 pars
590 1501 696 1542 haec
721 1515 894 1556 corpore
921 1500 1055 1541 maius
1081 1499 1222 1540 habet.

138 1557 213 1599 sed
238 1564 379 1598 tamen
404 1566 466 1599 est
492 1558 591 1598 artis
617 1558 855 1598 tristissima
879 1557 1006 1598 ianua
1031 1563 1212 1603 nostrae,

196 1621 237 1655 et
262 1613 381 1654 labor
405 1622 468 1655 est
492 1629 621 1663 unus,
648 1622 837 1669 tempora
861 1614 998 1669 prima
1022 1612 1123 1668 pati.

135 1670 307 1725 aspicis,
332 1678 379 1711 ut
404 1684 577 1725 prensos
602 1680 727 1712 urant
750 1671 851 1725 iuga
877 1670 1012 1725 prima
1036 1670 1252 1717 iuvencos,

195 1734 236 1768 et
260 1741 370 1768 nova
395 1728 583 1769 velocem
609 1728 778 1782 cingula
803 1728 943 1769 laedat
969 1726 1150 1780 equum?

136 1783 311 1825 forsitan
338 1799 363 1824 a
387 1783 572 1825 Laribus
597 1785 743 1839 patriis
769 1784 882 1826 exire
908 1784 1089 1838 pigebit:

195 1841 269 1882 sed
294 1849 435 1882 tamen
461 1841 607 1882 exibis.
670 1841 821 1883 deinde
846 1841 981 1882 redire
1007 1840 1142 1882 voles:

137 1912 215 1940 nec
241 1905 281 1939 te
307 1897 395 1938 Lar
420 1898 600 1952 patrius,
627 1898 701 1939 sed
726 1912 844 1939 amor
869 1897 1085 1939 revocabit
1109 1896 1268 1938 amicae
1278 1913 1288 1946 ;

192 1954 443 2009 praetendes
470 1955 618 2009 culpae
644 1955 864 2010 splendida
890 1955 1019 1996 verba
1043 1961 1155 1995 tuae.

136 2025 233 2053 cum
258 2011 388 2053 semel
414 2011 584 2060 exieris,
610 2019 780 2053 centum
806 2012 954 2052 solatia
980 2025 1105 2053 curae

195 2076 235 2109 et
260 2083 331 2109 rus
357 2075 399 2110 et
423 2068 596 2110 comites
622 2075 662 2110 et
687 2069 755 2109 via
778 2069 906 2123 longa
931 2068 1060 2109 dabit.

136 2139 214 2166 nec
240 2125 339 2166 satis
366 2140 458 2167 esse
483 2133 606 2180 putes
633 2126 860 2168 discedere.
920 2126 1058 2167 lentus
1084 2124 1244 2173 abesto,

195 2182 296 2222 dum
321 2182 471 2236 perdat
495 2182 603 2224 vires
630 2183 766 2236 sitque
793 2183 880 2224 sine
905 2182 1004 2237 igne
1030 2181 1147 2223 cinis.

138 2238 251 2292 quod
276 2238 356 2279 nisi
381 2238 546 2279 firmata
570 2239 807 2294 properaris
832 2246 972 2280 mente
997 2238 1163 2287 reverti,

195 2294 346 2335 inferet
370 2309 487 2335 arma
511 2295 587 2335 tibi
612 2310 738 2336 saeva
763 2295 929 2336 rebellis
955 2295 1109 2343 Amor3

139 2351 347 2405 quidquid
372 2359 414 2392 et
439 2351 612 2399 afueris,
639 2352 786 2392 avidus
813 2351 1041 2404 sitiensque
1066 2350 1236 2399 redibis,

197 2416 238 2449 et
263 2407 446 2462 spatium
472 2408 625 2449 damno
652 2408 822 2449 cesserit
847 2422 970 2449 omne
995 2416 1081 2448 tuo.
1107 2431 1165 2435 —

141 2463 310 2513 viderit,
336 2464 601 2505 Haemoniae
627 2464 756 2518 siquis
782 2465 894 2506 mala
919 2465 1075 2520 pabula
1100 2472 1235 2505 terrae

198 2528 237 2562 et
262 2520 450 2575 magicas
477 2529 586 2562 artes
611 2536 734 2576 posse
759 2521 903 2563 iuvare
929 2528 1060 2576 putat.

140 2578 220 2619 ista
245 2577 436 2619 veneficii
461 2584 581 2619 vetus
607 2585 669 2619 est
693 2578 774 2619 via.
834 2586 976 2620 noster
1001 2577 1157 2633 Apollo

197 2635 423 2675 innocuam
449 2648 567 2676 sacro
593 2635 776 2676 carmine
801 2642 1006 2676 monstrat
1031 2649 1166 2689 opem.

142 2706 208 2733 me
240 2691 346 2732 duce
371 2705 456 2732 non
481 2691 642 2732 tumulo
668 2691 834 2746 prodire
857 2692 1072 2733 iubebitur
1095 2691 1259 2741 umbra,

198 2762 283 2789 non
308 2762 413 2789 anus
438 2747 586 2789 infami
611 2749 794 2790 carmine
819 2756 987 2804 rumpet
1010 2748 1201 2798 humum,

141 2818 226 2845 non
250 2819 371 2860 seges
397 2819 449 2846 ex
475 2805 565 2846 aliis
591 2805 692 2847 alios
718 2805 911 2847 transibit
935 2806 977 2846 in
1003 2819 1142 2860 agros,

1422 268 1503 312 201

1539 2534 1604 2565 250

1537 2817 1603 2848 255
