1831 3168
341 264 615 301 HEROIDUM
640 265 745 300 xlv.
774 265 940 299 78—132.
971 264 1054 299 XV.
1084 264 1205 299 1-31.
1405 254 1458 296 51

140 347 287 390 infelix
312 361 396 388 uno
423 346 550 389 fratre
577 355 771 389 manente
798 346 959 388 cadam.

84 413 127 447 at
151 413 215 454 tu,
241 404 363 458 siqua
389 404 502 458 piac,
530 404 728 458 Lynceu,
756 404 830 444 tibi
858 418 958 444 cura
984 403 1148 451 sororis,

141 475 335 516 quaeque
360 461 436 502 tibi
462 461 588 502 tribui
614 476 808 509 munera,
836 461 989 515 dignus
1017 460 1160 507 habes,

85 519 150 561 vel
176 519 239 560 scr
265 532 389 573 opem
415 518 481 559 vel
508 518 614 559 dede
639 518 750 567 neci3
778 518 1061 571 defunctaque
1089 517 1174 557 vita
1490 530 1550 559 125

145 590 322 630 corpora
348 575 515 616 furtivis
541 575 714 630 insuper
740 574 847 615 adde
874 574 1001 629 rogis,

83 640 125 675 et
151 632 282 687 sepeli
307 632 490 673 lacrimis
516 631 688 686 perfusa
713 631 907 672 fidelibus
934 645 1042 678 ossa,

141 689 391 743 sculptaque
417 688 499 729 sint
524 688 644 728 titulo
671 695 815 728 nostra
840 686 1064 741 sepulchra
1091 687 1207 727 brevi

83 746 203 788 ‘exul
228 746 536 800 Hypermestra
559 767 616 772 —
640 743 822 798 pretium
848 743 1014 797 pietatis
1040 743 1234 796 iniquum
1258 765 1311 772 —-=

141 817 270 856 quam
296 809 472 842 mortem
498 799 618 840 fratri
645 800 822 854 depulit,
848 800 940 854 ipsa
966 799 1086 839 tulit?
1491 811 1551 841 130

84 859 269 901 scribere
296 858 417 912 plura
441 857 562 898 libet:
591 856 664 898 sed
690 856 875 911 pondere
900 856 1020 910 lapsa
1045 863 1219 897 catenae

142 923 204 958 est
229 929 400 964 manus,
428 921 468 956 et
494 914 602 955 vires
630 913 837 954 subtrahit
864 912 954 968 ipse
980 912 1116 953 timor.

719 1016 824 1058 XV.

84 1087 209 1128 Hanc
235 1086 311 1128 tibi
335 1085 572 1127 Priamides
598 1085 736 1134 mitto,
763 1084 955 1133 Ledaea,
984 1084 1176 1133 salutem,
1424 1093 1527 1126 Paris

142 1158 251 1198 quae
277 1143 404 1184 tribui
430 1143 519 1184 sola
544 1150 585 1184 tc
612 1142 713 1183 mihi
740 1141 864 1183 dante
891 1150 1042 1196 potest,
1388 1139 1552 1172 Helenae.

84 1200 273 1254 eloquar,
301 1216 355 1241 an
380 1200 575 1241 flammae
601 1214 686 1241 non
713 1207 775 1241 est
801 1213 906 1254 opus
931 1198 1069 1239 indice
1095 1205 1232 1246 notae,

142 1265 183 1299 et
207 1258 303 1313 plus
329 1271 457 1311 quam
483 1256 656 1305 vellem,
683 1256 767 1297 iam
793 1271 912 1297 meus
939 1262 1055 1297 extat
1080 1255 1222 1295 amor?

83 1314 153 1356 ille
179 1314 351 1368 quidem
375 1314 504 1355 lateat
529 1314 692 1363 malim,
720 1313 821 1354 dum
847 1321 1038 1367 tempora
1063 1312 1215 1353 dentur
1489 1323 1508 1351 :3

139 1371 324 1414 laetitiae
349 1370 502 1412 mixtos
528 1385 613 1412 non
637 1370 833 1411 habitura
860 1378 1010 1411 metus.

85 1428 161 1481 scd
185 1429 295 1470 male
322 1427 553 1469 dissimulo.
616 1428 709 1482 quis
736 1427 848 1469 enim
876 1426 1073 1468 celaverit
1098 1425 1255 1480 ignem,

142 1485 301 1527 lumine
328 1484 401 1539 qui
426 1500 593 1540 semper
618 1485 810 1540 proditur
834 1484 925 1539 ipse
951 1483 1054 1524 suo?

84 1542 120 1584 si
145 1550 287 1584 tamen
313 1549 534 1597 expectas,
562 1556 709 1583 vocem
735 1555 904 1595 quoque
929 1540 1055 1582 rebus
1081 1547 1128 1581 ut
1154 1538 1329 1580 addam:

142 1613 241 1641 uror
264 1622 322 1628 —
345 1598 477 1640 habes
504 1598 632 1640 animi
657 1598 806 1639 nuntia
831 1597 961 1638 verba
986 1596 1087 1638 meil
1493 1609 1532 1639 10

83 1670 229 1712 parce,
255 1670 417 1710 precor,
443 1655 570 1705 fasso,
597 1670 675 1697 nec
702 1655 821 1696 vultu
848 1662 985 1696 cetera
1011 1654 1116 1694 duro

142 1713 334 1768 perlege,
362 1712 436 1754 sed
461 1712 623 1754 formae
650 1711 925 1754 conveniente
951 1719 1062 1751 tuae.

83 1769 335 1812 iamdudum
360 1777 530 1824 gratum
557 1778 638 1818 est,
667 1769 779 1823 quod
807 1768 986 1823 epistula
1011 1775 1154 1808 nostra
1179 1775 1350 1822 recepta

143 1841 261 1882 spem
287 1826 407 1874 facit,
433 1826 513 1867 hoc
538 1826 670 1880 recipi
695 1841 762 1867 me
788 1839 958 1879 quoque
984 1839 1107 1879 posse
1133 1824 1278 1864 modo:

84 1898 194 1939 quae
220 1890 312 1924 rata
337 1883 409 1932 sit3
435 1897 514 1924 nec
540 1890 580 1924 te
606 1883 763 1924 frustra
787 1881 1043 1937 promiserit,
1071 1888 1183 1935 opto,
1494 1894 1532 1923 15>

143 1940 223 1982 hoc
248 1939 351 1981 mihi
376 1954 485 1994 quae
511 1940 665 1989 suasit,
691 1947 825 1981 mater
849 1938 1042 1986 Amoris,
1068 1938 1159 1979 iter.

85 2012 269 2051 namque
296 2011 376 2052 ego
403 1997 546 2038 divino
572 1996 734 2038 monitu
758 2020 816 2025 —
839 2011 892 2037 ne
918 1995 1060 2037 nescia
1085 2009 1234 2050 pecces
1261 2017 1317 2023 —-

145 2054 344 2104 advehor,
371 2061 413 2095 et
439 2061 588 2109 coepto
614 2068 700 2095 non
724 2053 818 2095 leve
844 2068 1003 2094 numen
1028 2052 1160 2093 adest.

86 2111 275 2167 praemia
300 2126 457 2166 magna
483 2111 674 2165 quidem,
702 2111 776 2152 sed
800 2125 885 2151 non
910 2109 1097 2150 indebita
1122 2122 1268 2164 posco:

144 2168 330 2224 pollicita
356 2176 419 2209 est
444 2168 630 2209 thalamo
657 2176 697 2210 te
725 2166 940 2223 Cytherea
965 2181 1073 2207 meo.
1492 2180 1534 2209 ⁴2«)

87 2225 167 2267 hac
193 2225 300 2267 duce
328 2223 457 2280 Sigeo
484 2225 634 2266 dubias
661 2241 685 2266 a
710 2225 830 2266 litore
856 2223 939 2265 feci

144 2283 272 2337 longa
297 2281 530 2324 Phereclea
554 2296 629 2337 per
654 2282 763 2323 freta
787 2296 930 2336 puppe
955 2280 1058 2321 vias.

87 2339 158 2380 illa
184 2339 300 2380 dedit
324 2338 470 2380 faciles
497 2354 621 2380 auras
647 2346 879 2392 ventosque
905 2337 1132 2378 secundos:

54 2446 56 2448 v
147 2396 190 2436 in
215 2410 330 2437 mare
356 2395 555 2436 nimirum
580 2396 644 2436 ius
670 2395 818 2444 habet,
845 2402 937 2435 orta
962 2393 1081 2434 mari.

89 2459 267 2508 perstet,
294 2459 334 2492 et
359 2459 406 2492 ut
429 2451 592 2506 pelagi,
619 2452 678 2493 sic
705 2451 886 2506 pectoris
912 2450 1082 2491 adiuvet
1108 2457 1284 2500 aestum,
1494 2463 1534 2494 25

149 2508 310 2550 deferat
335 2508 378 2549 in
404 2516 550 2563 portus
576 2515 617 2549 et
642 2523 737 2549 mea
761 2516 860 2548 vota
885 2521 996 2548 suos.

89 2565 307 2608 attulimus
332 2565 544 2614 flammas,
569 2579 654 2606 non
679 2565 747 2606 hic
772 2564 1028 2612 invenimus,
1054 2563 1165 2605 illas:

149 2623 228 2664 hae
253 2621 357 2663 mihi
381 2629 467 2662 tam
493 2622 646 2677 longae
672 2636 799 2663 causa
824 2621 941 2663 fuere
967 2621 1073 2662 viae.

91 2695 190 2721 nam
214 2693 353 2733 neque
379 2678 507 2720 tristis
532 2678 716 2734 hiemps,
741 2693 879 2732 neque
905 2693 981 2720 nos
1007 2678 1090 2719 huc
1117 2677 1280 2733 appulit
1306 2692 1439 2720 error:

149 2735 353 2778 Taenaris
379 2743 442 2777 est
467 2736 590 2778 classi
615 2743 726 2778 terra
750 2735 881 2791 petita
905 2750 1037 2777 meae.
1490 2747 1533 2778 30

92 2807 172 2836 nee
197 2808 264 2837 me
291 2792 414 2836 crede
439 2792 595 2836 fretum
619 2808 779 2836 merces
806 2800 999 2849 portante
1025 2792 1167 2835 carina

1187 2859 1233 2894 4»
