1831 3168
320 217 405 260 208
779 227 822 261 Ρ.
851 227 996 263 ovlm
1021 225 1238 263 NASONIS

229 324 295 353 :320
377 316 439 351 est
465 309 563 350 data
587 308 697 349 nox?
733 308 881 350 dubita
906 316 1028 350 nocte
1053 308 1195 350 venire
1221 308 1331 350 data.

318 380 442 421 posse
468 365 554 419 pati
579 364 703 406 facile
728 373 810 414 est,
835 365 928 413 ubi,
954 365 996 406 ni
1022 365 1226 421 sapientia
1251 365 1372 415 desit,

376 422 567 476 protinus
592 436 645 463 ex
669 421 783 463 facili
807 422 965 477 gaudia
990 422 1098 464 ferre
1123 422 1233 464 licet.

319 487 357 520 ct
385 478 609 532 quisquam
634 488 860 534 praecepta
884 486 1021 534 potest
1047 493 1142 520 mea
1166 479 1272 520 dura
1297 479 1477 521 vocare?

375 550 447 584 en,
473 535 600 577 etiam
625 543 766 590 partes
791 536 1051 577 conciliantis
1077 549 1171 590 ago.

227 606 291 636 525
318 607 416 633 nam
442 591 643 645 quoniam
667 592 831 634 variant
857 592 1006 642 animi,
1033 592 1290 633 variabimus
1315 599 1438 634 artes.

375 648 487 691 mille
513 649 612 690 mali
638 649 819 704 specics:
846 649 959 691 mille
985 649 1132 691 salutis
1157 656 1292 691 erunt.

318 720 494 761 corpora
519 705 589 746 vix
614 705 726 747 ferro
752 706 963 760 quaedam
989 714 1192 747 sanantur
1216 714 1359 747 acuto:

375 763 579 804 auxilium
604 762 746 804 multis
771 778 898 805 sucus
924 770 965 805 et
989 763 1120 805 herba
1144 763 1237 804 fuit.

317 820 481 861 mollior
505 835 550 861 es
575 834 712 874 neque
738 819 854 862 abire
880 829 998 875 potes
1025 820 1275 873 vinctusque
1300 819 1467 869 teneris,

228 890 292 920 530
376 885 417 918 et
442 885 515 918 tua
539 892 690 918 saevus
715 877 851 918 Amor
876 877 955 918 sub
981 877 1087 933 pede
1113 877 1221 919 colla
1245 876 1421 932 premit?

319 933 462 975 desine
486 934 649 975 luctari.
709 934 893 976 referant
919 942 992 975 tua
1017 934 1193 975 carbasa
1218 934 1345 982 venti,

374 1004 543 1044 quaque
568 998 721 1032 vocant
745 991 917 1039 fluctus,
944 991 1023 1033 hac
1048 991 1125 1032 tibi
1150 1005 1290 1032 remus
1317 998 1396 1032 eat.

319 1047 528 1102 explenda
552 1057 613 1090 est
639 1048 728 1089 sitis
753 1048 834 1089 ista
858 1048 952 1096 tibi,
979 1063 1063 1102 qua
1089 1047 1276 1102 perditus
1303 1047 1439 1089 ardes.

376 1104 583 1146 cedimus:
611 1119 634 1146 e
659 1105 797 1146 medio
822 1105 906 1146 iam
930 1105 1027 1147 licet
1052 1120 1175 1146 amne
1202 1104 1335 1145 bibas.

226 1175 291 1208 535
319 1161 393 1202 sed
417 1160 515 1203 bibe
539 1162 634 1217 plus
661 1162 807 1211 etiam,
833 1176 961 1216 quam
985 1162 1100 1215 quod
1125 1161 1370 1216 praecordia
1394 1166 1589 1216 poscunt,

373 1226 546 1272 gutture
570 1218 639 1260 fac
663 1219 788 1274 pleno
815 1227 982 1274 sumpta
1007 1218 1214 1260 redundet
1239 1232 1362 1272 aqua.

317 1274 535 1330 perfruere
560 1289 695 1329 usque
721 1284 813 1324 tua,
839 1275 954 1316 nullo
980 1275 1250 1330 prohibente,
1275 1275 1438 1330 puella:

374 1332 445 1372 illa
470 1331 546 1373 tibi
570 1341 714 1374 noctes
740 1332 924 1381 auferat,
949 1332 1021 1373 illa
1046 1332 1147 1374 dies.

316 1388 456 1430 taedia
482 1403 637 1442 quaere
663 1389 780 1430 mali:
807 1389 969 1430 faciunt
994 1397 1034 1430 et
1060 1389 1199 1430 taedia
1222 1388 1361 1430 finem.

227 1459 292 1490 540
374 1445 458 1486 iam
483 1459 666 1499 quoque,
692 1460 789 1488 cum
815 1446 961 1488 credes
987 1460 1110 1500 posse
1137 1460 1298 1494 carere,
1324 1460 1461 1494 mane,

318 1501 418 1543 dum
443 1502 552 1544 bene
577 1510 618 1544 te
644 1503 833 1544 cumules
859 1511 898 1544 et
925 1502 1047 1557 copia
1071 1502 1189 1543 tollat
1215 1515 1415 1551 amorem,

375 1566 415 1600 et
439 1558 628 1601 fastidita
651 1574 737 1601 non
760 1559 878 1601 iuvet
903 1574 994 1601 esse
1019 1559 1157 1600 domo.
1183 1582 1240 1587 —

316 1615 363 1657 fit
387 1630 556 1670 quoque
580 1616 733 1672 longus
759 1630 890 1666 amor,
916 1631 1044 1670 quem
1069 1615 1304 1657 diffidentia
1327 1616 1477 1656 nutrit:

372 1673 486 1715 hunc
511 1680 556 1715 tu
582 1673 616 1714 si
642 1687 819 1728 quaeres
846 1688 1021 1729 ponere,
1047 1688 1155 1728 pone
1179 1681 1352 1714 metum.

225 1744 290 1774 545
317 1730 390 1784 qui
415 1730 553 1779 timet,
580 1738 627 1772 ut
652 1745 729 1772 sua
754 1731 824 1779 sit,
850 1730 999 1784 nequis
1025 1730 1105 1771 sibi
1130 1729 1323 1772 detrahat
1347 1729 1476 1778 illam,

372 1787 442 1829 ille
468 1787 728 1829 Machaonia
752 1787 823 1829 vix
849 1802 927 1843 ope
953 1802 1081 1828 sanus
1107 1787 1197 1829 erit.

316 1844 412 1898 plus
439 1851 553 1885 amat
577 1859 600 1885 e
625 1844 733 1885 natis
759 1852 894 1886 mater
918 1845 1168 1899 plerumque
1194 1843 1374 1892 duobus,

373 1915 449 1955 pro
475 1901 596 1942 cuius
621 1901 777 1950 reditu,
803 1901 917 1954 quod
942 1901 1049 1955 gerit
1075 1916 1210 1948 arma,
1237 1900 1367 1941 timet.
1392 1923 1450 1929 —

317 1966 380 1999 est
403 1971 535 2012 prope
562 1955 773 1998 Collinam
799 1958 1002 2011 templum
1029 1957 1267 1998 venerabile
1293 1964 1471 2010 portam,

225 2028 292 2059 550
374 2013 560 2068 inposuit
584 2014 742 2068 templo
767 2014 938 2054 nomina
963 2013 1099 2054 celsus
1126 2012 1264 2067 Eryx:

317 2078 380 2113 est
403 2070 489 2112 illic
513 2070 731 2112 Lethaeus
756 2071 905 2119 Amor,
932 2070 1003 2124 qui
1029 2077 1200 2124 pectora
1225 2078 1345 2110 sanat

373 2127 502 2182 inque
527 2142 624 2168 suas
650 2127 836 2182 gelidam
860 2126 1079 2182 lampadas
1105 2126 1221 2167 addit
1247 2140 1414 2180 aquam.

315 2184 400 2226 illic
425 2192 466 2226 et
490 2184 664 2226 iuvenes
689 2184 798 2225 votis
824 2184 980 2225 oblivia
1004 2190 1198 2238 poscunt,

375 2249 416 2283 et
441 2241 563 2295 siqua
587 2249 651 2283 est
676 2241 781 2282 duro
808 2249 930 2295 capta
955 2240 1097 2295 puella
1122 2240 1224 2280 viro.

225 2312 290 2343 555
317 2298 351 2340 is
376 2297 479 2339 mihi
505 2298 564 2339 sio
590 2298 694 2339 dixit
719 2322 775 2327 —
800 2298 967 2347 dubito,
992 2311 1173 2339 verusne
1202 2295 1372 2351 Cupido

374 2370 428 2396 an
453 2369 625 2396 somnus
651 2354 798 2397 fuerit:
825 2355 899 2396 sed
925 2363 1046 2410 puto,
1073 2369 1245 2395 somnus
1272 2362 1357 2394 erat
1383 2376 1439 2380 —

318 2416 362 2453 ‘o
389 2412 462 2466 qui
488 2412 686 2453 sollicitos
712 2412 836 2453 modo
862 2412 936 2452 das
962 2411 1086 2452 modo
1113 2411 1246 2452 demis
1272 2423 1448 2459 amores,

374 2468 493 2511 adice
517 2469 753 2524 praeceptis
778 2469 858 2510 hoc
882 2482 1073 2522 quoque,
1098 2468 1235 2516 Naso,
1261 2466 1357 2508 tuis.

317 2526 370 2567 ad
395 2526 508 2567 mala
532 2526 711 2580 quisque
736 2526 924 2566 animum
949 2525 1104 2566 referat
1128 2539 1223 2566 sua:
1249 2531 1374 2578 ponet
1401 2537 1600 2565 amorem.

227 2596 292 2627 5130
375 2582 571 2623 omnibus
596 2583 668 2623 illa
692 2582 796 2624 deus
822 2582 970 2637 plusve
996 2581 1187 2622 minusve
1213 2580 1339 2622 dedit.

317 2639 389 2692 qui
413 2638 567 2680 Puteal
591 2639 830 2693 Ianumque
854 2638 974 2680 timet
999 2639 1240 2691 celeresque
1265 2636 1497 2685 Kalendas,

374 2704 568 2748 torqueat
592 2695 705 2737 hunc
731 2696 837 2737 aeris
862 2703 1010 2736 mutua
1035 2709 1201 2736 summa
1226 2693 1302 2735 sui.

318 2751 386 2793 cui
411 2751 539 2793 durus
565 2760 685 2808 pater
709 2761 791 2803 est,
816 2760 861 2794 ut
887 2759 985 2794 voto
1012 2759 1177 2794 caetera
1203 2751 1366 2800 cedant,
