1831 3168
304 230 387 272 216
752 237 956 273 ΡΟΕΤΑΕ
982 236 1220 272 OVIDIANI

361 329 419 363 est
449 319 562 360 mibi.
623 334 864 361 mensuram
889 319 1069 360 nominis
1096 319 1187 373 ipsa
1212 318 1314 359 fero.

236 394 277 423 35
305 377 484 420 candida
509 376 542 416 si
569 390 653 417 non
678 391 791 424 sum,
818 376 976 431 placuit
1003 374 1192 430 Cephe'ia
1218 374 1375 416 Perseo

360 432 655 483 Andromede,
682 433 843 488 patriae
868 433 989 474 fusca
1014 433 1152 474 colore
1179 446 1293 472 suae.

303 500 345 532 et
369 490 494 532 variis
521 489 641 531 albae
666 489 900 544 iunguntur
924 504 1048 544 saepe
1075 488 1310 537 columbae,

360 555 401 590 et
425 547 546 602 niger
571 562 596 587 a
620 546 743 587 viridi
769 554 906 587 turtur
931 554 1094 587 amatur
1120 560 1210 586 avc.

303 604 357 654 si,
383 604 462 644 nisi
488 618 596 657 quae
622 603 730 645 facie
755 603 909 658 poterit
932 611 972 644 te
998 603 1127 658 digna
1152 601 1297 650 videri,

234 676 278 705 40
359 661 475 702 nulla
500 661 645 701 futura
669 668 742 701 tua
767 667 848 709 est,
875 660 990 700 nulla
1015 659 1160 700 futura
1186 667 1257 699 tua
1283 658 1364 699 cst!

303 725 343 759 at
369 733 463 759 mea
489 731 584 758 cum
610 716 792 772 legeres,
819 717 946 758 etiam
971 716 1157 757 formosa
1182 715 1374 756 videbar:

359 790 488 815 unam
512 773 681 815 iurabas
706 788 841 827 usque
867 773 1015 815 decere
1042 773 1170 826 loqui.

303 831 546 880 cantabam,
572 830 744 872 memini
769 855 824 859 —
850 830 1129 872 meminerunt
1156 829 1297 870 omnia
1323 835 1510 870 amantes
1536 852 1593 857 --

360 888 505 929 oscula
530 887 715 929 cantanti
745 895 791 928 tu
817 887 919 928 mihi
944 894 1065 942 rapta
1091 886 1235 927 dabas.

234 959 277 989 45
303 944 408 986 haec
433 958 602 998 quoque
626 944 845 985 laudabas.
907 944 1021 984 omni
1047 943 1122 984 tibi
1147 950 1266 998 parte
1291 941 1525 997 placebam,

361 1001 435 1043 sed
461 1010 559 1041 tunc
585 1001 830 1056 praecipue,
856 1015 952 1042 cum
978 1000 1021 1041 fit
1047 1000 1219 1041 Amoris
1244 1014 1363 1055 opus.

303 1066 403 1099 tunc
429 1066 468 1099 te
493 1058 588 1112 plus
614 1058 734 1098 solito
761 1058 932 1098 lascivia
960 1065 1104 1098 nostra
1128 1057 1302 1097 iuvabat

361 1114 592 1169 crebraque
618 1115 827 1155 mobilitas
854 1123 1039 1169 aptaque
1066 1114 1196 1155 verba
1220 1113 1326 1161 ioco,

304 1179 346 1213 et
370 1171 503 1226 quod,
529 1171 602 1212 ubi
627 1171 849 1212 amborum
874 1172 1009 1212 fuerat
1036 1170 1213 1212 confusa
1238 1171 1446 1225 voluptas,

235 1243 280 1273 50
361 1228 567 1283 plurimus
592 1228 635 1269 in
659 1228 769 1269 lasso
795 1242 968 1282 corpore
994 1228 1173 1282 languor
1199 1235 1299 1268 erat.

303 1300 415 1326 nunc
441 1285 516 1325 tibi
543 1283 748 1327 Sicelides
775 1285 948 1326 veniunt
973 1299 1083 1325 nova
1108 1284 1265 1339 praeda
1289 1283 1468 1338 puellae.

360 1341 463 1395 quid
490 1340 591 1382 mihi
617 1356 712 1383 cum
739 1341 908 1383 Lesbo?
947 1341 1096 1383 Sicelis
1123 1355 1213 1382 esse
1239 1341 1347 1381 volo.

307 1413 331 1440 0
357 1413 432 1440 vos
458 1412 649 1440 erronem
675 1399 823 1439 tellure
849 1398 1045 1439 remittite
1071 1405 1274 1446 nostrum,

360 1455 557 1496 Nisiades
582 1462 735 1496 matres
764 1454 1044 1508 Nisiadesque
1069 1469 1214 1502 nurus,

236 1528 277 1559 55
304 1526 381 1554 1100
406 1526 482 1553 vos
508 1511 721 1567 decipiant
744 1511 924 1552 blandae
949 1510 1171 1552 mendacia
1195 1510 1384 1564 linguae:

361 1583 469 1623 quae
495 1568 597 1609 dicit
623 1568 762 1616 vobis,
789 1568 951 1609 dixerat
977 1576 1073 1609 ante
1099 1567 1214 1607 mihi.

304 1634 349 1667 tu
375 1639 564 1679 quoque,
590 1639 699 1679 quae
725 1633 889 1666 montes
916 1624 1121 1672 celebras,
1148 1623 1353 1678 Erycina,
1382 1621 1574 1671 Sicanos,
1599 1644 1657 1651 —

361 1698 459 1723 nam
485 1691 557 1723 tua
582 1697 676 1723 sum
700 1706 757 1710 —
781 1681 868 1722 vati
893 1682 1085 1730 consule,
1112 1681 1228 1729 diva,
1256 1687 1367 1720 tuae.

305 1756 358 1780 an
384 1739 524 1794 gravis
550 1738 764 1794 inceptum
789 1739 953 1794 peragit
979 1738 1149 1779 fortuna
1173 1745 1360 1778 tenorem

236 1811 279 1841 60
361 1806 403 1837 et
427 1803 569 1837 manet
592 1796 634 1837 in
661 1810 787 1837 cursu
813 1811 978 1850 semper
1004 1795 1156 1836 acerba.
1181 1794 1284 1835 suo?

304 1868 378 1894 sex
402 1852 505 1893 mihi
530 1853 691 1894 natales
717 1853 868 1901 ierant,
895 1867 991 1893 cum
1016 1852 1125 1893 lecta
1150 1850 1335 1906 parentis

361 1916 457 1950 ante
484 1908 595 1950 diem
620 1909 814 1950 lacrimas
841 1923 936 1949 ossa
962 1908 1104 1949 bibere
1129 1923 1258 1948 meas.

305 1965 406 2006 arsit
430 1965 551 2020 inops
577 1965 706 2006 frater
731 1965 960 2006 meretricis
987 1972 1134 2018 captus
1161 1977 1316 2011 amore,

361 2022 577 2075 mixtaque
604 2036 700 2062 cum
727 2022 838 2075 turpi
865 2021 1018 2061 damna
1044 2020 1204 2075 pudore
1230 2019 1336 2059 tulit.

237 2093 278 2123 65
306 2079 443 2120 factus
469 2078 590 2133 inops
616 2078 714 2131 agili
741 2078 906 2132 peragit
931 2077 1038 2118 freta
1063 2076 1231 2117 caerula
1255 2090 1385 2123 remo,

362 2149 552 2189 quasque
578 2135 686 2175 male
712 2134 869 2183 amisit,
895 2148 1007 2174 nunc
1032 2134 1140 2174 male
1166 2132 1328 2186 quaerit
1355 2145 1470 2186 opes.

304 2207 372 2233 me
397 2205 586 2245 quoque,
612 2192 726 2244 quod
750 2191 894 2232 monui
921 2191 1026 2232 bene
1053 2190 1185 2230 multa
1209 2189 1399 2236 fideliter,
1426 2187 1527 2228 odit.

363 2248 443 2290 hoc
467 2248 571 2289 mihi
594 2248 786 2297 libertas,
812 2248 891 2289 1100
917 2247 986 2302 pia
1010 2247 1156 2302 lingua
1181 2245 1309 2287 dedit.

307 2313 348 2346 et
373 2313 590 2359 tamquam
616 2305 724 2346 desit
748 2319 857 2358 quae
882 2320 949 2345 me
976 2304 1054 2345 hac
1080 2304 1168 2345 sine
1195 2317 1294 2344 cura
1320 2301 1481 2356 fatiget,

240 2378 281 2407 70
364 2362 602 2404 accumulat
628 2377 749 2403 curas
775 2362 860 2402 filia
884 2376 1016 2416 parva
1040 2376 1167 2402 meas.

307 2419 455 2460 ultima
480 2427 525 2460 tu
550 2419 702 2459 nostris
728 2418 892 2460 accedis
919 2433 1047 2459 causa
1071 2416 1280 2471 querellis.

363 2490 447 2516 non
473 2476 613 2530 agitur
637 2483 763 2517 vento
788 2483 931 2516 nostra
957 2474 1100 2515 carina
1124 2487 1213 2515 suo.

308 2547 405 2574 ecce
430 2532 568 2574 iacent
594 2533 700 2573 collo
726 2532 860 2587 sparsi
886 2532 973 2572 sine
998 2531 1092 2586 lege
1118 2530 1271 2585 capilli,

364 2604 442 2630 nec
467 2589 617 2644 premit
642 2589 838 2630 articulos
864 2588 1003 2629 lucida
1028 2603 1197 2643 gemma
1220 2600 1350 2628 meos.

241 2660 282 2690 75
308 2654 425 2687 veste
451 2654 571 2699 tegor
595 2646 685 2694 vili,
711 2646 872 2687 nullum
899 2652 962 2686 est
985 2645 1027 2685 111
1054 2644 1238 2686 crinibus
1264 2657 1427 2691 aurum,

365 2717 448 2742 non
474 2703 670 2743 Arabum
694 2710 836 2744 noster
860 2702 969 2742 dona
995 2701 1170 2756 capillus
1195 2700 1334 2741 habet.

309 2759 375 2800 cui
403 2759 514 2799 colar
539 2759 703 2809 infelix,
730 2768 802 2801 aut
828 2759 894 2800 cui
919 2759 1128 2814 placuisse
1154 2756 1367 2798 laborem?
