1831 3168
380 277 654 313 IIEROIDUM
680 277 726 311 X.
755 277 945 312 124-150.
973 276 1040 310 XI.
1068 277 1190 312 1—59.

164 358 350 414 possidet
375 366 415 400 ct.
440 359 550 400 vitiis
575 374 706 414 regna
731 359 894 400 minora
919 359 1017 400 suis.

106 417 207 471 quid
233 416 348 456 iuvat
374 416 587 457 admotam
612 431 686 470 per
711 430 886 457 avorum
910 415 1081 456 nomina
1106 415 1222 456 caelo

162 473 269 514 inter
295 479 497 527 cognatos
524 487 645 527 posse
671 472 826 514 referre
852 472 1023 513 Iovem?

106 545 206 570 num
232 529 370 570 minus
396 529 615 578 infestum,
642 529 836 570 funebria
859 543 1053 577 munera,
1079 528 1237 570 ferrum

163 586 345 627 feminea
370 594 511 634 teneo,
537 600 620 627 non
646 600 740 626 mea
764 586 866 633 tela,
893 585 1046 626 manu?

106 657 131 683 o
158 643 337 691 utinam,
364 642 588 691 Macareu,
615 656 723 696 quae
748 656 824 682 nos
850 641 1058 682 commisit
1082 641 1125 682 iu
1150 656 1294 690 unum,

164 699 346 740 venisset
371 699 453 740 leto
480 699 610 740 serior
633 698 737 738 hora
761 697 873 739 meo!

107 771 181 797 cur
205 769 406 808 umquam
431 755 525 809 plus
551 769 638 802 me,
663 754 806 802 frater,
831 768 959 807 quam
983 754 1112 795 frater
1137 754 1300 803 amasti,

165 819 203 853 et
230 812 324 860 tibi,
350 825 435 851 non
461 810 587 851 debet
612 810 725 864 quod
750 824 866 850 soror
890 825 1000 857 esse,
1026 810 1114 850 fui?

105 868 197 923 ipsa
222 882 391 932 quoque
416 867 591 915 incalui,
618 866 871 920 qualemque
896 866 1040 907 audire
1067 866 1267 916 solebam,

163 924 304 966 nescio
331 938 456 978 quem
482 923 593 965 sensi
619 923 743 964 corde
769 931 937 977 tepente
963 923 1102 964 deum.

105 980 274 1036 fugerat
299 995 369 1022 ore
395 981 521 1029 color,
546 979 703 1021 macies
729 979 965 1021 adduxerat
989 988 1123 1029 altus;

161 1037 383 1079 sumebant
407 1037 603 1078 minimos
628 1051 702 1077 ora
726 1044 872 1078 coacta
897 1036 1030 1078 cibos:

103 1108 181 1136 nec
207 1094 342 1136 somni
367 1094 531 1142 faciles,
559 1101 599 1135 et
623 1108 708 1134 nox
733 1101 822 1134 erat
846 1108 987 1134 annua
1010 1093 1146 1141 nobis,

161 1158 201 1192 et
224 1151 430 1206 gemitum
454 1150 570 1191 nullo
595 1150 710 1192 laesa
734 1150 876 1191 dolore
903 1150 1077 1191 dabam:

103 1222 199 1257 neo,
226 1222 300 1249 cur
323 1208 428 1249 haec
453 1207 655 1257 facerem,
682 1215 871 1262 poteram
896 1206 999 1247 mihi
1023 1207 1198 1248 reddere
1225 1221 1409 1256 causam,

159 1279 237 1306 nec
262 1279 427 1313 noram,
454 1264 556 1318 quid
581 1279 726 1305 amans
752 1271 862 1305 esset
885 1288 942 1292 —
966 1271 1009 1305 at
1032 1264 1138 1304 illud
1163 1279 1291 1306 eram.

102 1321 238 1376 prima
261 1321 419 1362 malum
443 1320 587 1361 nutrix
612 1321 751 1361 animo
777 1321 1010 1376 praesensit
1033 1320 1146 1369 anili,

158 1378 294 1433 prima
317 1378 419 1418 mihi
444 1378 587 1418 nutrix
613 1377 777 1426 ‘Aeoli‚'
805 1378 910 1418 dixit
934 1377 1097 1418 ‘amas'

102 1435 272 1485 erubui,
297 1434 544 1490 gremioque
569 1435 706 1489 pudor
730 1435 1079 1476 deiecit-ocellos:

159 1491 263 1533 haec
288 1491 388 1533 satis
412 1492 456 1532 in
481 1492 609 1533 tacita
633 1492 755 1546 signa
779 1491 949 1533 fatentis
975 1498 1105 1533 erant.

103 1548 271 1602 iamque
297 1549 590 1590 tumescebant
613 1548 749 1589 vitiati
773 1548 961 1603 pondera
985 1548 1157 1597 ventris,

160 1619 370 1660 aegraque
395 1605 599 1646 furtivum
624 1605 815 1646 membra
839 1605 1046 1659 gravabat
1071 1619 1190 1645 onus.

103 1676 209 1715 quas
236 1662 338 1702 mihi
362 1676 446 1702 non
470 1661 642 1711 herbas,
669 1676 776 1715 quae
802 1676 886 1702 non
911 1661 1191 1702 medicamina
1215 1660 1356 1702 nutrix

160 1718 297 1759 attulit
322 1718 472 1759 audaci
499 1718 801 1773 supposuitque
826 1733 969 1767 manu,

103 1782 149 1815 ut
174 1775 340 1829 penitus
365 1775 518 1815 nostris
543 1799 597 1804 —-
623 1775 703 1816 hoc
728 1783 768 1816 te
794 1775 1021 1816 celavimus
1048 1790 1181 1816 unum
1204 1798 1261 1805 —-

159 1832 390 1872 visceribus
417 1846 608 1873 crescens
635 1839 902 1873 excuteretur
927 1831 1050 1873 onus!

102 1888 145 1929 a!
182 1888 357 1928 nimium
383 1888 508 1928 vivax
534 1888 713 1929 admotis
738 1888 889 1930 restitit
912 1888 1051 1929 infans

160 1945 338 1994 artibus,
366 1953 405 1986 et
431 1952 541 1986 tecto
567 1952 682 1985 tutus
709 1945 762 1985 ab
787 1944 907 1986 hoste
932 1945 1025 1985 fuit.

101 2001 184 2042 iam
210 2002 384 2043 noviens
411 2010 498 2042 erat
525 2009 615 2042 orta
641 2015 757 2042 soror
781 2001 1066 2056 pulcherrima
1090 2000 1270 2051 Phoebi,

159 2059 351 2112 denaque
376 2058 574 2100 luciferos
600 2058 728 2099 Luna
751 2058 950 2100 movebat
976 2073 1106 2112 equos
1116 2074 1126 2107 3

101 2116 261 2165 nescia,
288 2130 396 2169 quae
422 2115 581 2157 faceret
606 2115 767 2156 subitos
793 2115 896 2156 mihi
920 2130 1049 2156 causa
1074 2115 1253 2164 dolores,

160 2180 199 2213 et
224 2173 339 2213 rudis
365 2173 419 2213 ad
444 2180 589 2228 partus
615 2181 654 2213 et
679 2187 791 2213 nova
815 2172 935 2214 miles
962 2187 1090 2214 eram.

102 2244 179 2270 nec
205 2229 320 2270 tenui
345 2243 505 2270 vocem.
566 2229 705 2283 ‘quid’
733 2229 790 2270 ait
816 2233 909 2270 ‘tua
935 2229 1110 2271 crimina
1135 2228 1320 2284 prodis?’

159 2300 317 2340 oraque
343 2286 561 2327 clamantis
587 2285 755 2327 conscia
779 2286 930 2341 pressit
956 2301 1075 2326 anus.

102 2343 205 2396 quid
229 2343 382 2383 faciam
407 2342 580 2384 infelix?
615 2343 798 2398 gemitus
824 2343 942 2383 dolor
967 2343 1090 2383 edere
1116 2342 1242 2397 cogit,

161 2399 235 2440 sed
260 2399 384 2439 timor
409 2407 451 2440 et
474 2399 615 2440 nutrix
641 2406 681 2440 et
705 2399 843 2454 pudor
866 2400 956 2453 ipse
981 2406 1138 2440 vetant.

104 2455 298 2496 contineo
323 2456 505 2509 gemitus
531 2456 757 2510 elapsaque
781 2455 911 2496 verba
935 2455 1156 2510 reprendo,

162 2519 203 2552 et
227 2526 356 2566 cogor
380 2512 572 2552 lacrimas
599 2512 823 2552 conbibere
847 2512 940 2566 ipsa
963 2527 1093 2553 meas.

105 2583 217 2609 mors
243 2576 331 2609 erat
356 2576 451 2609 ante
477 2568 640 2617 oculos,
666 2575 706 2609 et
731 2582 853 2623 opem
878 2568 1047 2609 Lucina
1070 2568 1274 2625 negabat:

162 2633 203 2666 et
227 2640 376 2680 grave,
403 2625 436 2665 si
462 2625 628 2674 moriar,
654 2639 766 2665 mors
791 2639 960 2678 quoque
986 2625 1144 2667 crimen
1170 2634 1276 2667 erat:

106 2696 202 2723 cum
228 2697 354 2737 super
378 2681 626 2723 incumbens
652 2682 782 2722 scissa
807 2683 1034 2736 tunicaque
1060 2696 1264 2737 comaque

164 2754 307 2794 pressa
330 2738 518 2780 refovisti
543 2747 715 2794 pectora
738 2746 882 2780 nostra
906 2739 1002 2789 tuis,

107 2802 149 2837 et
172 2796 276 2836 mihi
302 2796 436 2845 ‘vive,
461 2810 590 2846 soror,
617 2810 734 2838 soror
759 2810 783 2837 o
809 2796 1055 2848 carissima,'
1081 2797 1186 2839 dixti

1418 267 1472 309 37

1499 879 1539 909 25

1499 1163 1540 1194 30

1498 1447 1540 1478 35

1497 1730 1540 1761 40

1496 2016 1539 2045 45

1498 2300 1541 2330 50
