1831 3168
400 278 623 316 AMORUM
648 279 744 314 LIB.
771 279 820 314 ΙΙ.
848 280 915 325 IX,
940 279 1101 324 43—X1,
1126 280 1181 314 34.

104 360 252 402 induat
277 360 358 402 adv
362 361 463 402 ersis
490 361 696 403 contraria
720 370 890 416 pectora
915 362 1006 404 telis

160 418 280 459 miles
307 426 348 459 ct
373 426 591 460 aeternum
617 419 823 473 sanguino
850 433 1002 460 nomen
1029 427 1153 460 emat.

104 482 280 528 quaerat
305 489 457 515 avarus
484 489 604 530 opes,
631 483 670 516 ct
696 490 803 529 quac
829 476 993 516 lassarit
1019 476 1176 517 arando

160 545 364 584 aequora,
390 531 558 596 perimo
584 532 816 586 naufragus
842 547 912 574 ore
939 533 1068 573 bibat.

103 595 142 628 at
170 588 272 629 mihi
297 588 514 643 contingat
539 589 718 630 Veneris
743 590 1016 644 languesccle
1042 597 1172 637 motu,

160 659 255 685 cum
281 645 448 694 moriar,
440 623 660 687 0medium
685 625 840 687 solvaro
848 654 889 687 et
914 646 1022 687 inter
1047 661 1172 701 opus3

102 709 227 754 atquc
253 701 404 755 aliquis
428 709 570 743 nostro
595 702 819 743 lacrimans
844 702 887 743 in
912 702 1060 743 funere
1086 703 1198 743 dicat

159 758 431 800 ‘conveniens
457 759 568 800 vitae
594 773 705 800 mors
730 759 810 800 fuit
834 759 914 800 ista
940 759 1063 800 tuae.'

745 860 829 902 XI.

99 927 246 969 Prima
271 928 404 969 malas
429 928 590 977 docuit,
616 928 864 970 mirantibus
891 927 1083 982 aequoris
1110 928 1248 976 undis,

155 984 330 1026 Peliaco
355 985 479 1040 pinus
505 986 660 1027 vertice
687 1000 809 1027 caesa
834 985 938 1034 vias,

99 1055 207 1095 quae
233 1042 518 1084 concurrentis
543 1042 651 1084 inter
675 1042 896 1084 temeraria
922 1048 1064 1082 cautes

157 1099 428 1154 conspicuam
454 1099 571 1140 fulvo
597 1099 750 1141 vellere
776 1099 889 1140 vexit
916 1112 1050 1139 ovem.

99 1169 122 1195 o
148 1154 330 1205 utinam,
356 1171 408 1198 ne
434 1156 527 1210 quis
552 1170 668 1197 remo
693 1155 801 1196 freta
824 1155 953 1210 longa
977 1163 1179 1205 moveret,

155 1212 277 1267 Argo
302 1212 490 1254 funestas
516 1228 661 1268 pressa
685 1212 860 1253 bibisset
885 1211 1035 1265 aquas!

99 1283 216 1317 ecce,
242 1269 354 1323 fugit
377 1277 610 1322 notumque
635 1277 774 1310 torum
800 1269 1019 1322 sociosque
1044 1276 1232 1324 penates,

153 1325 400 1379 fallacisque
425 1326 515 1366 vias
539 1326 599 1367 ire
627 1324 814 1367 Corinna
838 1334 971 1381 parat.

96 1382 199 1436 quid
223 1382 299 1423 tibi
324 1383 410 1435 (me
435 1382 675 1437 miseruml)
701 1382 908 1438 zephyros
934 1397 1142 1436 eurosque
1168 1382 1326 1424 timebo

154 1446 195 1480 et
219 1438 408 1494 gelidum
432 1439 591 1481 borean
616 1440 914 1495 egelidumque
939 1440 1113 1481 notum?

95 1510 179 1536 non
204 1495 288 1537 illic
312 1496 457 1544 urbes,
482 1511 568 1538 non
592 1503 637 1538 tu
662 1497 870 1539 mirabere
896 1496 1042 1538 silvas:

153 1567 238 1593 una
263 1560 326 1594 est
349 1553 493 1594 iniusti
519 1554 687 1595 caerula
710 1553 847 1595 forma
871 1554 1011 1595 maris.

95 1623 174 1650 nec
200 1609 364 1651 medius
389 1610 525 1651 tenuis
551 1610 732 1651 conchas
758 1611 976 1664 pictosque
1001 1611 1166 1666 lapillos

152 1673 308 1721 pontus
335 1665 480 1707 habet!
507 1666 642 1707 bibuli
666 1667 797 1707 litoris
822 1666 894 1707 illa
919 1681 1037 1707 mora
1061 1675 1136 1709 est.

92 1722 217 1764 litora
241 1723 486 1765 marmoreis
511 1723 690 1778 pedibus
716 1723 899 1778 signate,
925 1724 1110 1778 puellae:

152 1779 357 1821 hactenus
383 1787 445 1822 est
470 1787 628 1829 tutum,
654 1788 794 1822 cetera
819 1795 944 1822 caeca
969 1781 1038 1821 via
1064 1790 1139 1823 est.

96 1844 137 1879 et
161 1836 283 1878 vobis
309 1836 378 1877 alii
403 1845 625 1878 ventorum
650 1837 809 1891 proelia
833 1845 1017 1886 narrent,

151 1907 256 1947 quas
283 1891 429 1948 Scylla
452 1892 622 1935 infestet
647 1907 806 1947 quasve
833 1892 1075 1948 Charybdis
1101 1908 1249 1949 aquas,

94 1958 134 1993 et
159 1949 314 2004 quibus
340 1951 552 1992 emineant
575 1949 759 1992 violenta
785 1949 1000 1992 Ceraunia
1025 1951 1150 2000 saxis,

149 2021 233 2060 quo
257 2006 418 2048 lateant
443 2006 590 2062 Syrtes
615 2022 771 2062 magna
795 2007 1016 2061 minorque
1042 2008 1149 2049 sinu.

93 2063 196 2105 haec
223 2064 293 2105 alii
316 2064 520 2113 referant3
546 2071 587 2104 at
612 2079 687 2105 vos
686 2043 828 2118 0quod
852 2064 1033 2118 quisque
1058 2065 1255 2119 loquetur

151 2120 326 2162 credite:
353 2120 540 2163 credenti
564 2121 680 2162 nulla
703 2122 889 2176 procella
913 2128 1050 2163 nocet.

94 2191 186 2219 sero
213 2177 436 2232 respicitur
462 2178 604 2227 tellus,
629 2177 703 2219 ubi
726 2178 828 2219 fune
853 2179 989 2219 soluto

151 2234 280 2275 currit
304 2234 347 2275 in
371 2234 611 2277 inmensum
636 2235 776 2289 panda
801 2235 943 2276 carina
967 2235 1118 2275 salum.

92 2290 236 2332 navita
261 2290 462 2332 sollicitus
487 2291 589 2344 quin
614 2298 762 2333 ventos
787 2291 962 2332 horret
952 2291 1133 2344 miquos,

152 2355 193 2389 et
217 2361 347 2402 prope
373 2354 459 2388 tam
482 2348 614 2389 letum
641 2361 769 2401 quam
793 2362 923 2402 prope
949 2347 1081 2388 cernit
1106 2347 1280 2402 aquam!

94 2404 208 2458 quod
234 2403 269 2445 si
294 2418 519 2445 concussas
544 2404 696 2445 Triton
721 2411 940 2459 exasperet
965 2404 1116 2454 undas,

154 2474 282 2514 quam
307 2460 382 2501 tibi
408 2460 460 2501 sit
486 2467 572 2501 toto
596 2460 773 2501 nullus
762 2476 805 2501 m
831 2475 901 2501 oie
928 2460 1058 2501 color!

94 2524 186 2558 tum
210 2531 417 2572 generosa
441 2531 565 2559 voces
590 2517 798 2558 fecundae
824 2517 962 2558 sidera
986 2516 1134 2559 Ledae

152 2582 193 2616 et
219 2573 366 2623 ‘felix‚'
394 2573 508 2615 dicas
534 2577 680 2627 ‘quem
705 2589 782 2614 sua
806 2581 916 2615 terra
940 2573 1092 2615 tenetl’

94 2630 225 2673 tutius
252 2638 315 2673 est
339 2630 496 2672 fovisse
521 2638 677 2678 torum,
701 2630 856 2685 legisse
880 2630 1058 2680 libellos,

152 2687 393 2729 Threiciam
418 2687 560 2742 digitis
585 2687 842 2742 increpuisse
866 2687 1016 2741 lyram.

97 2750 139 2786 at
164 2743 198 2785 si
223 2759 334 2785 vana
357 2744 499 2786 ferunt
522 2743 714 2786 volucres
742 2759 836 2785 mea
861 2743 972 2785 dicta
996 2745 1221 2799 procellae,

153 2814 289 2857 aequa
313 2808 453 2844 tamen
477 2800 610 2857 puppi
636 2801 687 2842 sit
713 2799 894 2843 Galatea
918 2808 1030 2843 tuae.

1393 269 1477 313 109

1500 601 1544 632 35

1497 1453 1542 1484 10

1494 1738 1538 1769 15

1495 2021 1540 2053 20

1493 2305 1538 2335 25

1491 2586 1538 2619 30
