1831 3168
408 272 562 309 ARTIS
588 273 894 309 AMATORIAE
919 272 1015 307 LIB.
1044 273 1072 308 1.
1099 273 1221 307 1—77.

186 356 312 410 inque
338 370 432 397 meo
457 356 620 397 nullum
646 355 830 398 carmine
857 355 1014 397 crimen
1040 355 1130 397 erit.
1161 379 1218 384 —-

129 413 356 478 principio,
384 413 499 466 quod
525 428 664 454 amare
691 413 1020 467 vclis‚1eperire
1046 412 1205 461 labora,

186 485 259 524 qul
285 484 395 510 nova
419 483 531 511 nunc
557 470 740 525 Plllnul'll
766 470 920 511 miles
910 486 952 510 ln
978 484 1094 510 arma
1120 469 1250 510 venis.

129 526 346 582 proximus
373 526 471 567 huic
496 527 615 567 labor
640 536 702 567 est
727 527 924 582 placitam
951 540 1123 568 exorare
1149 527 1353 580 puellam:

187 583 354 632 tertius,
380 591 425 623 ut
452 583 579 638 longo
606 591 793 638 tempore
819 583 940 624 duret
967 597 1095 624 amor.

132 640 199 682 hic
224 640 394 690 modus3
421 640 524 681 haec
550 648 692 681 nostro
718 640 954 695 signabitur
979 654 1077 681 area
1103 654 1245 682 curru:

186 696 291 738 hacc
317 697 393 738 erit
419 697 603 738 admissa
628 705 740 738 nicta
765 697 994 752 premenda
1020 704 1123 737 rota.

129 754 232 795 dum
256 754 353 795 licet
379 762 420 795 et
445 754 542 795 loris
569 755 724 809 passim
751 762 869 809 potes
895 754 955 794 ire
981 753 1139 801 solutis,

188 811 295 865 elige
322 810 389 852 cui
416 811 530 852 dicas
557 817 621 852 ‘tn
646 810 747 851 mihi
774 811 862 852 sola
886 810 1054 865 places.⁷

129 867 233 909 haec
259 867 334 908 tibi
361 882 445 908 non
470 876 618 909 tenues
644 868 783 909 veniet
810 867 981 921 delapsa
1006 881 1082 921 per
1107 881 1250 907 auras:

187 925 429 978 quaerenda
455 933 515 967 est
543 925 674 966 oculis
701 933 799 980 apta
824 924 964 979 puella
989 923 1085 963 tuis.

130 981 205 1023 scit
232 981 338 1023 bene
365 989 553 1031 venator,
581 982 715 1023 cervis
742 981 813 1022 ubi
839 981 943 1022 retia
968 980 1124 1028 tendat,

187 1038 264 1080 scit
290 1038 417 1088 bene,
444 1053 529 1092 qua
554 1039 751 1080 frendens
778 1038 885 1079 valle
910 1044 1096 1078 moretur
1121 1052 1238 1092 aper:

128 1095 366 1150 aucupibus
391 1096 479 1137 noti
504 1095 697 1137 frutices:
725 1095 796 1149 qui
823 1094 999 1135 sustinet
1025 1093 1186 1144 hamos,

186 1152 321 1202 novit,
348 1167 457 1207 quae
483 1153 613 1193 multo
639 1152 754 1207 pisce
778 1159 976 1193 natentur
1001 1165 1150 1205 aquae.

128 1217 174 1250 tu
200 1224 390 1264 quoque,
416 1210 635 1251 materiam
661 1209 787 1263 longo
813 1208 885 1263 qui
910 1209 1077 1263 quaeris
1104 1210 1249 1259 amori,

137 1307 139 1309 ,
185 1274 281 1308 ante
307 1266 507 1320 frequens
533 1280 617 1320 quo
643 1266 694 1306 sit
719 1266 833 1307 disce
858 1265 998 1320 puella
1023 1266 1129 1306 loco.

127 1337 212 1363 non
237 1337 318 1378 ego
345 1332 618 1377 quaerentem
644 1331 768 1364 vento
795 1322 894 1364 dare
921 1323 1015 1364 vela
1039 1322 1210 1372 iubebo,

184 1394 262 1421 nec
287 1380 383 1429 tibi,
411 1387 457 1421 ut
481 1380 690 1429 invenias,
716 1381 845 1435 longa
871 1380 1045 1422 terenda
1070 1380 1138 1421 via
1166 1392 1241 1421 est.

127 1437 434 1479 Andromedan
458 1437 642 1479 Perseus
668 1437 798 1491 nigris
825 1437 998 1492 portarit
1026 1437 1080 1477 ab
1107 1437 1237 1487 Indis,

184 1502 388 1548 raptaque
414 1494 467 1535 sit
491 1494 682 1549 Phrygio
711 1494 843 1536 Graia
868 1495 1008 1549 puella
1034 1494 1144 1534 viro:

126 1559 187 1592 tot
214 1550 289 1591 tibi
314 1559 486 1605 tamque
513 1552 627 1592 dabit
653 1552 860 1592 formosas
886 1552 1024 1592 Roma
1048 1552 1224 1606 puellas,

186 1607 309 1649 ‘haec
336 1608 481 1649 habet'
508 1616 555 1649 ut
581 1608 694 1649 dicas
722 1608 941 1662 ‘quicquid
966 1608 1007 1648 in
1034 1608 1134 1649 orbe
1160 1608 1266 1649 fuit?

1423 266 1505 308 143

1533 428 1573 458 35

1529 714 1574 742 40

1530 998 1573 1026 45

1530 1281 1575 1311 50

1528 1566 1568 1596 55

129 1663 326 1719 Gargara
351 1672 454 1718 quot
480 1672 663 1720 segetes,
690 1672 790 1718 quot
818 1664 942 1706 habet
969 1665 1223 1719 Methymna
1248 1680 1450 1715 racemos,

186 1736 367 1775 aequore
393 1730 495 1776 quot
521 1722 678 1776 pisces,
705 1721 853 1763 fronde
880 1730 1081 1776 teguntur
1106 1737 1219 1772 aves,

126 1787 229 1832 quot
256 1779 419 1820 caelum
446 1779 606 1828 stellas,
633 1787 694 1819 tot
720 1778 845 1820 habet
872 1786 944 1819 tua
970 1778 1107 1820 Roma
1132 1780 1313 1834 puellas:

185 1843 318 1876 mater
344 1845 383 1877 et
409 1836 583 1877 Aeneae
610 1843 771 1876 constat
797 1835 839 1876 in
864 1836 968 1877 urbe
994 1836 1071 1876 sui.

127 1907 202 1933 seu
229 1892 389 1947 caperis
416 1892 561 1947 primis
588 1900 627 1934 et
654 1892 791 1933 adhuc
818 1892 1101 1934 crescentibus
1129 1893 1262 1942 annis,

185 1957 281 1991 ante
307 1949 449 1990 oculos
476 1949 614 1991 veniet
641 1964 741 1991 vera
766 1950 906 2004 puella
931 1957 1044 1990 tuos:

126 2006 214 2047 sive
241 2006 360 2061 cupis
386 2006 603 2056 iuvenem,
629 2006 803 2048 iuvenes
829 2006 905 2048 tibi
931 2007 1044 2048 mille
1069 2006 1312 2062 placebunt,

183 2064 346 2119 cogeris
373 2071 414 2104 et
439 2064 525 2105 voti
550 2064 717 2106 nescius
744 2078 834 2105 esse
860 2063 940 2104 tui:

125 2135 200 2161 seu
227 2129 267 2162 te
293 2120 400 2162 forte
424 2120 541 2162 iuvat
567 2136 660 2162 sera
686 2128 725 2162 et
752 2121 979 2176 sapientior
1005 2128 1134 2171 aetas,

183 2177 263 2218 hoc
288 2191 477 2231 quoque,
504 2178 627 2219 crede
654 2178 775 2227 mihi,
802 2178 966 2233 plenius
993 2194 1146 2234 agmen
1172 2180 1262 2221 erit.

127 2241 174 2274 tu
197 2234 323 2275 modo
349 2234 556 2289 Pompeia
580 2235 717 2276 lentus
744 2235 925 2289 spatiare
952 2235 1030 2275 sub
1055 2236 1220 2285 umbra,

185 2305 281 2332 cum
306 2291 369 2331 sol
394 2291 598 2332 Herculei
623 2300 742 2346 terga
767 2292 898 2332 leonis
925 2292 1031 2333 adit:

126 2356 198 2388 aut
225 2347 298 2387 ubi
323 2347 568 2389 muneribus
593 2348 681 2388 nati
707 2362 784 2388 sua
807 2363 982 2389 munera
1008 2356 1142 2391 mater

186 2404 366 2453 addidit,
394 2411 566 2446 externo
592 2419 800 2446 marmore
826 2405 943 2446 dives
970 2419 1094 2460 opus:

127 2475 205 2502 1100
231 2460 307 2502 tibi
332 2461 488 2502 vitetur
512 2474 641 2514 quae,
666 2461 814 2516 priscis
839 2476 985 2516 sparsa
1011 2462 1189 2510 tabellis,

185 2518 371 2573 porticus
398 2517 580 2559 auctoris
606 2517 732 2558 Livia
756 2532 911 2559 nomen
936 2518 1083 2559 habet:

128 2589 298 2629 quaque
323 2589 472 2629 parare
497 2589 643 2616 necem
670 2574 832 2616 miseris
858 2575 1119 2630 patruelibus
1145 2591 1273 2619 ausae

185 2631 356 2673 Belides
384 2639 423 2673 et
450 2631 591 2673 stricto
617 2638 696 2672 stat
723 2631 837 2673 ferus
863 2647 961 2673 ense
987 2642 1118 2687 pater.

129 2703 206 2730 nec
232 2696 272 2730 te
298 2696 534 2743 praetereat
558 2688 716 2731 Veneri
741 2689 929 2744 ploratus
955 2689 1134 2739 Adonis,

188 2745 384 2799 cultaque
410 2745 569 2787 Iudaeo
595 2745 774 2800 septima
799 2761 919 2787 sacra
946 2744 1069 2801 Syro.

129 2816 208 2844 nec
233 2801 335 2857 fuge
360 2801 561 2858 linigerae
587 2802 866 2858 Memphitica
892 2804 1049 2859 templa
1074 2803 1296 2847 iuvencae:

1528 1850 1571 1882 60

1530 2136 1571 2166 65
