1831 3168
330 227 551 264 AMORL'M
576 227 670 262 LIB.
697 228 745 262 Il.
772 228 914 272 XVIII,
941 227 1136 272 15-X1X,
1161 228 1217 262 60.

92 324 197 363 quas
222 308 323 349 mihi
348 308 593 358 blanditias,
620 324 748 363 quam
773 309 911 350 dulcia
935 309 1065 351 verba
1088 307 1285 364 parabat!

148 365 310 413 oscula,
336 364 377 405 di
402 366 562 420 magni,
588 366 729 419 qualia
753 374 937 430 quotque
963 365 1108 407 dabat!

91 429 136 462 tu
162 435 349 475 quoque,
376 435 482 475 quae
508 430 670 463 nostros
695 422 870 477 rapuisti
894 437 1029 478 nuper
1052 422 1218 472 ocellos,

149 492 273 531 saepe
299 477 398 518 time
423 478 614 527 insidias,
640 493 764 533 saepe
789 493 875 533 rog¹
868 486 907 519 11
913 494 936 519 ι
959 493 1082 533 nega,

92 541 132 575 01
157 534 245 575 sine
272 549 338 575 me
365 542 460 575 ante
486 542 579 575 tuos
605 514 862 590 proiectumo
861 536 904 575 in
928 535 1070 576 limine
1095 535 1226 590 postis

148 591 275 643 longa
300 590 500 644 pruinosa
524 591 682 645 frigora
706 599 827 632 nocte
852 592 952 646 pati.

91 646 151 687 sic
176 646 277 686 mihi
303 647 425 688 durat
449 661 565 688 amor
589 648 820 702 longosque
846 648 1045 689 adolescit
1069 648 1111 688 in
1137 662 1288 690 annos:

149 702 228 743 hoo
253 703 388 751 iuvat,
415 703 518 745 haec
544 704 670 744 animi
696 711 793 744 sunt
817 704 1015 745 alimenta
1039 703 1134 745 mei.

90 759 259 814 pinguis
285 774 401 800 amor
424 760 683 814 nimiumque
709 767 855 814 patens
880 760 923 800 in
947 760 1086 801 taedia
1110 759 1231 801 nobis

148 815 322 856 vertitur
348 823 388 857 et
413 817 627 857 stomacho
654 816 786 856 dulcis
811 823 857 856 ut
882 829 978 857 esca
1002 823 1136 857 nocet.

92 871 127 912 si
151 885 381 925 numquam
407 871 587 913 Dana'cn
611 872 825 913 habuisset
849 876 979 913 a'e'nea
1003 871 1141 921 turris,

147 942 231 968 non
257 935 366 969 esset
390 927 542 969 Dana'c'
567 929 617 970 de
641 929 743 970 Iove
769 928 881 969 facta
905 943 1070 983 parens.

90 984 192 1024 dum
218 991 357 1024 servat
381 984 488 1025 Iuno
513 992 717 1026 mutatam
743 984 939 1026 cornibus
963 984 1026 1033 Io,

147 1040 259 1081 facta
284 1048 364 1089 cst,
391 1054 516 1094 quam
545 1041 700 1090 fuerat,
724 1041 882 1096 gratior
906 1041 976 1081 illa
1000 1040 1105 1081 Iovi.

1369 218 1450 260 117

1477 491 1519 522 20

1479 773 1519 803 25

1479 1054 1522 1085 30

89 1097 204 1150 quod
229 1097 326 1138 licet
351 1104 391 1138 et
415 1097 538 1139 facile
563 1105 626 1139 est
656 1097 843 1151 quisquis
870 1097 1002 1152 eupit,
1029 1097 1178 1139 arbore
1202 1096 1374 1139 frondes

149 1160 293 1208 carpat
318 1160 359 1194 et
385 1168 406 1195 e
431 1168 585 1208 magno
610 1154 780 1194 flumine
805 1160 918 1208 potet
944 1167 1112 1207 aquam.

90 1210 211 1274 siqua
234 1210 346 1250 volet
370 1224 546 1265 regnare
572 1210 662 1258 diu,
688 1210 858 1250 deludat
883 1218 1106 1251 amantem.

147 1266 185 1307 ei
209 1265 330 1314 mihi,
357 1280 409 1307 ne
435 1266 602 1307 monitis
628 1274 824 1319 torquear
847 1266 936 1321 ipse
961 1266 1083 1307 meisl

89 1318 297 1376 quidlibet
320 1322 506 1372 eveniat,
532 1330 655 1364 nocet
679 1322 941 1378 indulgentia
964 1323 1104 1363 nobis.

147 1378 260 1432 quod
286 1378 485 1431 sequitur,
511 1378 649 1433 fugiog
676 1379 790 1432 quod
814 1379 943 1434 fugit,
968 1379 1058 1434 ipse
1083 1393 1248 1433 sequor.

91 1442 134 1476 at
158 1443 202 1475 tu
227 1434 434 1476 formosae
459 1435 635 1476 nimium
661 1449 806 1477 secure
831 1409 1010 1490 puellae,

147 1490 284 1545 incipe
308 1491 392 1531 iam
416 1491 552 1545 prima
577 1491 771 1533 claudere
795 1498 918 1533 nocte
942 1492 1090 1532 forem.

90 1547 246 1602 incipe,
272 1547 365 1600 quis
390 1548 540 1588 totiens
565 1548 709 1588 furtim
734 1555 807 1588 tua
830 1548 975 1588 limina
998 1548 1150 1602 pulset,

148 1618 369 1657 quaerere,
394 1604 496 1657 quid
520 1605 670 1645 latrent
694 1612 816 1645 nocte
841 1604 988 1646 silente
1013 1618 1151 1652 canes,

91 1674 197 1714 quas
222 1659 329 1701 ferat
355 1667 395 1701 et
419 1660 574 1701 referat
598 1660 741 1701 sollers
767 1660 917 1701 ancilla
941 1660 1130 1708 tabellas,

149 1731 223 1757 cur
247 1716 398 1757 totiens
424 1730 558 1757 vacuo
584 1717 757 1758 secubet
780 1717 872 1771 ipsa
896 1725 999 1758 toro.

91 1773 280 1813 mordeat
303 1772 384 1813 ista
408 1780 501 1813 tuas
527 1772 751 1826 aliquando
778 1787 878 1814 cura
901 1773 1120 1822 medullas,

149 1829 286 1882 daque
311 1829 451 1869 locum
474 1830 626 1870 nostris
651 1829 951 1882 materiamque
977 1829 1096 1870 dolis.

90 1885 159 1927 ille
184 1892 321 1940 potest
345 1899 479 1926 vacuo
504 1885 635 1926 furari
660 1886 780 1927 litore
804 1885 996 1935 harenas,

147 1956 322 1982 uxorem
347 1942 463 1982 stulti
488 1942 617 1995 siquis
644 1957 783 1983 amaie
808 1949 958 1996 potest.

90 1998 272 2063 iamque
283 2012 361 2052 ego
388 2013 660 2052 praemoneo,
685 1998 764 2039 nisi
790 2005 835 2038 tu
860 2013 1025 2040 servare
1049 1999 1235 2054 puellam

148 2054 316 2109 incipis,
341 2054 513 2109 incipiet
538 2054 727 2096 desinere
753 2070 844 2096 esse
869 2070 975 2096 mea.

91 2111 223 2151 multa
247 2111 403 2164 diuque
428 2111 517 2152 tuli.
578 2111 742 2166 speravi
768 2126 892 2166 saepe
916 2111 1120 2161 futurum,

148 2181 242 2208 011111
269 2167 375 2208 bene
401 2182 631 2216 servasses,
656 2175 703 2208 ut
727 2168 834 2209 bene
859 2167 989 2208 verba
1014 2168 1169 2209 darem.

91 2223 229 2264 lentus
255 2238 298 2263 es
324 2231 365 2264 et
389 2224 543 2277 pateris
567 2224 671 2264 nulli
695 2223 891 2278 patienda
915 2224 1083 2264 marito:

61 2286 63 2288 ’
150 2287 191 2319 at
217 2279 318 2319 mihi
343 2293 542 2321 concessa
566 2280 660 2320 finis
685 2279 836 2320 amoris
862 2279 951 2320 erit.

94 2336 251 2377 seilicet.
276 2335 422 2375 infelix
446 2350 675 2389 numquam
702 2335 956 2390 prohibebor
981 2335 1121 2377 adire?

151 2406 235 2432 nox
259 2391 361 2431 mihi
386 2391 464 2431 sub
489 2392 604 2432 nullo
629 2392 793 2432 vindice
819 2406 983 2445 semper
1008 2392 1109 2432 erit?

94 2448 153 2489 nil
178 2448 389 2489 metuam?
426 2462 500 2502 per
523 2448 638 2488 nulla
661 2448 824 2488 traham
849 2447 1028 2501 suspiria
1053 2448 1247 2489 somnos?
1297 2485 1303 2491 .

152 2505 210 2545 nil
235 2504 384 2554 facies,
411 2518 485 2545 cur
509 2511 549 2545 te
574 2504 663 2545 iure
687 2504 843 2558 perisse
869 2503 1019 2544 velim?

96 2561 198 2615 quid
223 2560 324 2600 mihi
349 2574 445 2601 cum
469 2560 601 2608 facili,
628 2560 729 2613 quid
754 2574 849 2601 cum
873 2559 1023 2602 lenone
1048 2561 1223 2602 marito?

155 2616 382 2671 corrumpit
407 2616 508 2657 vitio
532 2617 689 2671 gaudia
713 2624 856 2657 nostra
880 2630 969 2657 SUO.

99 2673 200 2728 quin
225 2674 371 2722 alium,
397 2687 522 2726 quem
548 2681 663 2714 tanta
687 2673 801 2714 iuvet
825 2673 1046 2728 patientia,
1073 2673 1263 2728 quaeris?

154 2744 222 2771 me
247 2729 322 2770 tibi
345 2729 518 2771 rivalem
543 2729 580 2771 si
603 2729 720 2770 iuvat
745 2744 852 2778 esse,
879 2729 992 2771 veta!

1480 1336 1520 1366 35

1479 1618 1524 1649 40

1480 1900 1522 1930 45

1481 2182 1523 2211 50

1484 2746 1526 2776 CO
