1831 3168
313 218 466 255 ARTIS
492 219 794 254 AMATORIAE
820 219 913 253 LIB.
941 219 989 254 ΙΙ.
1018 219 1207 254 710—746.
1235 219 1302 253 111.
1324 218 1446 253 1—47.

258 301 411 343 faverit
436 308 497 351 et,
522 308 608 342 toto
634 300 705 355 qui
731 301 842 342 volat
869 295 989 349 erbe,
1015 316 1132 356 puer.

202 373 284 399 non
312 366 400 399 erit
425 358 628 399 armatis
620 372 802 412 aequum
829 372 1076 400 concurrere
1101 357 1255 398 nudis:

259 415 317 455 sic
344 414 469 456 etiam
497 415 615 455 vobis
642 415 808 456 vincere
835 426 975 469 tu1pc‚
1003 415 1091 455 viri.

203 471 353 513 dixerit
379 486 400 513 e
426 472 566 512 multis
593 471 779 524 tliquis‘
792 471 892 525 quid
919 472 1031 512 viius
1057 471 1096 512 in
1124 471 1273 525 anguis

260 528 389 569 adicis
415 535 455 570 et
481 528 651 569 rabidae
678 528 805 568 tradis
832 528 938 569 ovile
964 528 1133 582 lupae?’

202 584 360 639 parcite
386 599 616 639 paucarum
644 584 879 626 diffundere
906 584 1063 625 crimen
1088 584 1130 624 in
1156 598 1319 625 omnes:

260 649 473 696 spectetur
496 640 653 682 meritis
679 655 870 694 quaeque
896 641 1036 695 puella
1061 640 1159 681 suis.

203 697 235 737 si
261 698 398 738 minor
422 698 592 739 Atrides
620 698 832 746 Helenen,
861 698 1129 750 Helenesque
1156 711 1309 737 sorore·
1315 712 1340 737 n

259 768 342 808 quo
368 763 531 809 premat
556 754 728 796 Anides
755 754 925 794 crimine
951 754 1083 793 maior
1109 753 1250 801 habet,

202 811 234 850 si
262 811 416 852 s‹ele1e
444 809 643 852 Oeclides
670 810 914 851 Taultioniae
939 808 1171 864 Eriphylae

260 868 327 908 viv
333 883 380 909 us
407 876 444 909 et
471 868 512 908 in
539 867 644 908 vivis
670 867 723 908 ad
749 866 886 921 Styga
910 866 1023 907 venit
1049 866 1188 919 equis:

203 933 263 965 est
289 924 359 979 pia
384 923 598 979 Penelope
624 923 764 964 lustris
791 939 855 964 e1r
858 930 953 964 ante
978 922 1143 963 duobus

261 990 300 1022 et
326 981 499 1022 totidem
525 980 666 1021 lustris
692 980 802 1021 bella
826 986 999 1034 gerente
1026 979 1127 1019 viro.

203 1038 364 1092 respice
388 1037 650 1092 Phylaciden
677 1046 717 1078 et
741 1051 849 1091 quae
876 1050 1016 1077 comes
1041 1035 1122 1077 isse
1148 1036 1297 1077 marito

260 1095 393 1136 fertur
417 1103 458 1135 et
483 1102 579 1136 ante
606 1108 736 1135 annos
763 1093 1011 1134 occubuisse
1037 1107 1148 1133 suos.

203 1151 291 1192 fata
314 1150 592 1192 Pheretiadae
619 1150 801 1192 coniunx
826 1149 1011 1204 Pagasia
1035 1149 1231 1191 redemit:

258 1222 333 1262 pro
359 1208 455 1249 vivo
482 1215 543 1248 est
568 1222 674 1248 uxor
698 1206 844 1248 funere
870 1207 955 1247 lata
981 1206 1071 1247 viri.

203 1264 367 1319 ‘accipe
393 1280 479 1313 me,
508 1262 731 1318 Capaneu:
771 1263 928 1304 cineres
954 1263 1245 1304 miscebimus’
1269 1263 1407 1317 inquit

259 1321 423 1376 Iphias,
450 1321 491 1361 in
517 1320 677 1362 medios
703 1320 953 1374 desiluitque
979 1335 1118 1375 rogos.

203 1378 294 1432 ipsa
319 1391 486 1442 quoque
512 1386 551 1419 et
577 1378 692 1418 cultu
717 1385 778 1418 est
804 1385 844 1418 et
869 1377 1036 1418 nomine
1062 1377 1219 1418 femina
1245 1376 1418 1419 Virtus:

259 1449 343 1475 non
371 1435 540 1483 mirum,
566 1434 723 1489 populo
750 1434 784 1475 si
809 1434 946 1489 placet
970 1434 1041 1475 illa
1066 1449 1157 1475 suo.

204 1506 280 1532 nec
307 1500 447 1533 tamen
472 1491 550 1532 hae
576 1499 736 1532 mentes
761 1499 903 1532 nostia
910 1499 1159 1555 ’poscuntur
1185 1491 1238 1532 ab
1264 1500 1372 1533 arte:

263 1547 516 1612 conveniunt
543 1548 679 1588 cumb
672 1563 720 1588 ae
747 1548 840 1589 vela
864 1547 1026 1588 minora
1050 1563 1182 1589 meae.

205 1605 261 1645 nil
288 1604 366 1644 nisi
391 1604 537 1645 lascivi
561 1619 636 1658 per
661 1619 727 1645 me
755 1604 972 1645 discuntur
998 1618 1180 1645 amores.

262 1661 439 1709 semina,
466 1660 741 1715 praecipiam,
769 1675 852 1714 quo
880 1660 931 1701 sit
957 1661 1137 1701 amanda
1162 1661 1299 1702 modo.

205 1718 363 1760 femina
386 1732 464 1759 nec
489 1717 678 1758 flammas
704 1732 781 1758 nec
807 1731 955 1758 saevos
982 1717 1150 1758 discutit
1176 1733 1310 1759 arcus.

262 1774 428 1830 parcius
454 1773 557 1815 haec
583 1774 704 1815 video
730 1775 812 1815 tela
836 1789 985 1815 nocere
1012 1774 1124 1815 viris.

206 1846 331 1886 saepe
357 1831 434 1871 viri
459 1831 629 1880 fallunt3
656 1840 823 1871 tenerae
848 1846 932 1871 non
958 1846 1083 1885 saepe
1108 1831 1287 1885 puellae,

260 1901 500 1943 paucaque,
527 1887 561 1928 si
587 1902 785 1941 quaeras,
811 1887 986 1928 crimina
1010 1887 1171 1928 fraudis
1198 1887 1366 1929 habent.

204 1944 403 1993 Phasida,
428 1944 512 1985 iam
537 1952 726 1993 matrem,
753 1943 882 1984 fallax
908 1944 1064 1985 dimisit
1089 1944 1206 1985 Iaso:

259 2001 375 2042 venit
398 2001 441 2041 in
467 2001 675 2042 Aesonios
702 2001 831 2041 altera
855 2008 987 2055 nupta
1012 2000 1140 2042 sinus.

205 2066 409 2112 quantum
434 2058 476 2099 in
501 2066 560 2106 te,
586 2057 775 2106 Theseu,
803 2058 994 2099 volucres
1019 2057 1212 2099 Ariadna
1236 2058 1420 2099 marinas

260 2115 396 2170 pavit,
422 2115 464 2155 in
490 2115 633 2169 ignoto
661 2115 748 2155 sola
773 2114 917 2156 relicta
941 2114 1052 2156 loco!

205 2186 383 2225 quaere,
408 2171 574 2212 Novem
600 2185 674 2211 eur
698 2186 784 2211 una
808 2171 900 2212 viae
927 2171 1131 2220 dicantur,
1157 2179 1195 2212 et
1223 2171 1321 2213 audi

263 2227 462 2282 depositis
489 2227 614 2268 silvas
640 2227 840 2281 Phyllida
863 2228 984 2268 flesse
1011 2228 1154 2268 comis.

209 2291 250 2325 et
275 2283 432 2324 famam
458 2284 622 2338 pietatis
648 2283 795 2331 habet,
821 2290 962 2324 tamen
987 2283 1140 2338 hospes
1167 2292 1204 2325 et
1231 2299 1375 2325 ensem

263 2339 457 2394 praebuit
482 2347 523 2381 et
547 2354 718 2380 causam
743 2340 908 2388 mortis,
935 2339 1096 2389 Elissa,
1122 2348 1232 2381 tuae.

206 2396 309 2450 quid
334 2410 409 2437 vos
434 2396 681 2451 perdiderit,
706 2396 871 2437 dicam?
908 2396 1097 2437 nescistis
1125 2411 1284 2437 amare:

265 2452 400 2494 defuit
425 2468 491 2493 ars
517 2452 650 2493 vobis.
713 2461 800 2494 arte
826 2462 1025 2506 perennat
1053 2467 1181 2493 amor.

209 2524 322 2550 nunc
347 2522 516 2563 quoque
540 2509 762 2550 nescirent.
823 2509 896 2550 sed
922 2525 988 2550 me
1015 2507 1228 2564 Cytherea
1253 2509 1403 2551 docere

266 2566 386 2607 iussit
412 2574 452 2607 et
477 2572 572 2606 ante
598 2566 740 2606 oculos
767 2565 952 2606 constitit
976 2565 1067 2621 ipsa
1093 2581 1221 2607 meos.

210 2633 299 2664 tum
324 2622 425 2662 mihi
452 2622 572 2675 ‘quid
597 2622 791 2663 miserae’
819 2622 924 2663 dixit
949 2627 1157 2664 ‘meruere
1183 2623 1373 2678 puellae?

267 2679 445 2720 traditur
469 2679 638 2719 armatis
665 2679 852 2733 vulgus
841 2693 999 2720 inerme
1025 2679 1136 2720 viris.

210 2735 304 2777 illos
330 2735 507 2776 artifices
535 2735 690 2791 gemini
715 2735 852 2778 fecere
877 2735 1024 2777 libelli.

283 2802 359 2829 ond,
378 2801 1349 2837 201.1.12

1488 209 1569 250 177

1602 654 1641 683 10

1603 936 1640 965 15

1602 2073 1643 2103 35

1602 2355 1645 2385 40

1601 2638 1643 2667 45
