1831 3168
356 231 409 275 18
811 240 852 274 Ρ.
881 239 1024 275 ovmr
1050 237 1265 274 NASONIS

412 323 677 377 quaesierant
703 321 867 376 rapido,
894 320 1018 362 turba
1043 327 1260 375 proterva,
1287 319 1407 375 pede,

356 380 706 443 cornigerumque
733 385 857 433 caput
883 378 985 432 pinu
1011 377 1276 432 praecinctus
1303 387 1427 418 acuta

412 436 449 476 1⁴
451 451 600 484 nunus,
626 435 668 475 in
694 434 894 475 inmensis
919 447 1004 487 qua
1029 440 1160 475 tumet
1186 433 1297 474 Ida
1287 434 1410 487 mgis.

356 507 422 533 me
449 492 529 532 fide
555 491 807 546 conspicuus
833 489 986 532 Troiae
1011 490 1196 531 munitor
1221 490 1377 531 amavit

266 564 329 594 140
413 548 664 602 admisitque
689 562 805 589 meas
832 547 886 588 ad
911 562 988 589 sua
1013 547 1124 588 dona
1149 561 1311 588 manus.

354 619 645 660 quaecumque
671 604 802 646 herba
826 612 974 660 potens
1001 604 1054 645 ad
1079 618 1203 659 opem
1229 603 1433 658 radixque
1460 604 1657 646 medendi

411 662 523 703 utilis
549 661 592 703 in
617 669 703 703 toto
729 662 918 703 nascitur
942 661 1061 710 orbe,
1089 676 1182 702 mea
1208 668 1283 702 est.

354 733 419 760 me
446 719 660 768 miseram,
686 719 801 772 quod
826 733 944 759 amor
967 732 1049 759 non
1077 726 1140 759 est
1165 717 1424 759 medicabilis
1451 717 1610 759 herbis!

410 775 581 817 deficior
604 776 790 831 prudens
817 775 915 816 artis
942 775 995 816 ab
1021 783 1108 816 alte
1134 790 1240 815 mea.

265 846 327 876 145
354 832 468 886 quod
493 846 571 874 nec
595 831 856 887 graminibus
883 832 1006 873 tellus
1032 831 1216 873 fecunda
1241 830 1446 881 creandis,

409 904 487 931 nec
513 889 630 938 deus,
656 889 860 930 auxilium
886 896 931 929 tu
958 887 1058 929 mihi
1084 888 1192 930 felre
1218 895 1350 943 potes.

353 952 393 986 et
418 953 556 1000 potes,
582 954 623 987 et
648 946 794 987 merui.
855 945 1008 1001 dignae
1034 945 1231 986 miserere
1257 944 1442 999 puellae!

410 1017 495 1044 non
520 1017 599 1058 ego
625 1017 721 1044 cum
747 1002 911 1043 Danais
937 1017 1053 1043 arma
1079 1009 1252 1043 cruenta
1276 1001 1385 1042 fero:

353 1059 427 1100 sed
452 1069 525 1101 tua
549 1075 642 1101 sum
668 1067 892 1113 tecumque
918 1058 979 1099 fui
1005 1058 1237 1114 puerilibus
1263 1058 1397 1106 annis,

263 1128 326 1160 150
411 1124 450 1158 et
475 1123 567 1166 tua,
593 1116 706 1170 quod
732 1123 923 1171 superest
949 1116 1166 1171 temporis,
1193 1129 1284 1156 esse
1310 1128 1471 1170 precor.

352 1286 501 1328 Litora
526 1286 772 1328 Thessaliae
797 1286 941 1328 reduci
966 1286 1153 1341 tetigisse
1180 1285 1321 1327 carina
1538 1295 1726 1341 HyPsimle

407 1343 557 1385 diceris
583 1351 753 1384 auratae
781 1343 932 1385 vellere
958 1343 1075 1384 dives
1101 1342 1205 1384 ovis.
1557 1341 1687 1376 Iasoni.

351 1400 540 1455 gratulor
564 1400 782 1449 incolumi,
808 1407 1014 1454 quantum
1040 1399 1154 1440 sinis.
1215 1398 1294 1441 hoc
1320 1406 1460 1441 tamen
1487 1399 1577 1455 ipso

410 1456 639 1499 debueram
665 1457 818 1511 scripto
845 1457 995 1498 certior
1020 1471 1111 1498 esse
1138 1464 1223 1497 tuo.

304 1528 324 1558 5
349 1529 446 1554 nam
471 1528 523 1555 ne
548 1521 673 1569 pacta
698 1513 773 1554 tibi
798 1522 964 1568 praeter
988 1528 1083 1555 mea
1108 1527 1240 1568 regna
1264 1513 1434 1562 redires,

406 1584 503 1611 cum
529 1585 722 1625 cuperes,
748 1578 894 1611 ventos
919 1584 1005 1611 non
1030 1569 1228 1610 habuisse
1254 1577 1392 1624 potes:

350 1626 582 1681 quamlibet
607 1626 783 1668 adverso
809 1626 999 1681 signatur
1024 1626 1200 1681 epistola
1225 1626 1371 1668 ventol

406 1683 647 1738 Hypsipyle
672 1683 800 1724 missa
825 1683 954 1739 digna
980 1684 1113 1724 salute
1138 1682 1222 1724 fui!

350 1754 424 1782 cur
448 1740 550 1781 mihi
575 1740 688 1781 fama
713 1741 839 1795 prior,
864 1754 993 1794 quam
1019 1740 1166 1781 nuntia
1190 1740 1329 1781 littera
1355 1741 1481 1789 venit,

283 1809 325 1842 10
406 1797 488 1838 isse
515 1811 655 1838 saeros
680 1797 833 1838 Martis
860 1797 939 1838 sub
964 1797 1066 1852 iuga
1091 1796 1231 1852 panda
1256 1796 1400 1845 boves,

349 1853 578 1896 seminibus
603 1854 723 1895 iactis
749 1861 914 1909 segetes
939 1854 1128 1895 adolesse
1155 1853 1340 1894 virorum

404 1911 532 1964 inque
557 1924 704 1952 necem
730 1910 877 1951 dextra
901 1925 984 1951 non
1010 1910 1177 1964 eguisse
1203 1917 1289 1958 tua,

350 1967 597 2023 pervigilem
623 1967 803 2022 spolium
829 1967 1004 2022 pecudis
1030 1981 1219 2008 servasse
1247 1966 1486 2016 draconem,

408 2032 529 2080 rapta
553 2031 696 2065 tamen
721 2023 819 2064 forti
844 2024 1000 2065 vellera
1024 2023 1142 2064 fulva
1167 2024 1320 2064 manu?

284 2095 323 2125 15
350 2080 454 2122 haec
480 2094 560 2136 ego
586 2081 620 2121 si
645 2094 811 2136 possem
838 2080 981 2122 timide
1009 2080 1275 2121 credentibus
1303 2080 1403 2121 ‘ista

406 2138 495 2192 ipse
520 2137 622 2178 mihi
648 2137 831 2192 scripsit’
858 2137 1016 2186 dicere,
1042 2144 1201 2191 quanta
1225 2136 1382 2178 forem!

349 2194 451 2248 quid
476 2208 629 2248 queror
653 2193 840 2235 officium
865 2194 967 2235 lenti
993 2208 1178 2235 cessasse
1205 2193 1368 2234 mariti?

407 2250 679 2305 obsequium,
705 2265 855 2292 maneo
882 2251 916 2292 si
941 2259 1033 2300 tua,
1059 2250 1219 2305 grande
1246 2250 1335 2291 tuli.

349 2307 530 2348 barbara
553 2315 748 2349 narratur
772 2307 937 2349 venisse
962 2307 1150 2349 venefica
1174 2315 1327 2356 tecum,

282 2376 325 2407 20
407 2364 449 2405 in
473 2364 576 2405 mihi
601 2364 794 2419 promissi
820 2372 938 2420 parte
963 2371 1133 2419 recepta
1158 2364 1249 2405 tori.

350 2421 520 2463 credula
544 2436 610 2463 res
636 2435 754 2462 amor
779 2430 854 2463 est.
914 2421 1075 2462 utinam
1101 2420 1322 2463 temeraria
1348 2420 1463 2462 dicar

407 2478 650 2519 criminibus
675 2478 791 2519 falsis
816 2478 1081 2519 insimulasse
1106 2477 1262 2518 virum!

349 2549 482 2589 nuper
508 2535 561 2575 ab
587 2535 834 2577 Haemoniis
860 2535 1012 2590 hospes
1037 2534 1139 2575 mihi
1165 2535 1396 2576 Thessalus
1422 2534 1504 2575 oris

406 2599 590 2632 venerat.
651 2600 690 2633 et
717 2600 875 2633 tactum
901 2593 972 2633 vix
997 2592 1104 2633 bene
1129 2591 1257 2633 limen
1284 2599 1386 2640 erat,

282 2659 324 2691 25
352 2647 621 2689 ‘Aesonides'
649 2649 734 2689 dixi
761 2649 883 2714 ‘quid
909 2649 997 2704 agit
1020 2648 1184 2689 meus?’
1236 2648 1304 2689 ille
1330 2647 1491 2702 pudore

405 2703 558 2753 haesit,
585 2704 625 2745 in
653 2706 846 2770 opposita
870 2705 1029 2746 lumina
1053 2705 1162 2746 fixus
1188 2704 1328 2745 humo.

348 2760 538 2816 protinus
565 2761 694 2803 exilui
719 2762 956 2817 tunicisque
983 2777 1006 2803 ιι
1032 2769 1200 2817 pectore
1226 2760 1359 2816 luptis
