<?xml version="1.0" encoding="UTF-8"?>
<!DOCTYPE html PUBLIC "-//W3C//DTD XHTML 1.0 Transitional//EN"
    "http://www.w3.org/TR/xhtml1/DTD/xhtml1-transitional.dtd">
<html xmlns="http://www.w3.org/1999/xhtml" xml:lang="en" lang="en">
 <head>
  <title>
</title>
<meta http-equiv="Content-Type" content="text/html;charset=utf-8" />
  <meta name='ocr-system' content='tesseract 3.04.00' />
  <meta name='ocr-capabilities' content='ocr_page ocr_carea ocr_par ocr_line ocrx_word'/>
</head>
<body>
  <div class='ocr_page' id='page_1' title='image "./carminao01oviduoft_0078.png"; bbox 0 0 1831 3168; ppageno 0'>
   <div class='ocr_carea' id='block_1_1' title="bbox 358 191 1271 235">
    <p class='ocr_par' dir='ltr' id='par_1_1' title="bbox 358 191 1271 235">
     <span class='ocr_line' id='line_1_1' title="bbox 358 191 1271 235; baseline -0.002 -1"><span class='ocrx_word' id='word_1_1' title='bbox 358 191 414 234; x_wconf 86' lang='lat'>58</span> <span class='ocrx_word' id='word_1_2' title='bbox 812 199 855 234; x_wconf 85' lang='lat' dir='ltr'>P.</span> <span class='ocrx_word' id='word_1_3' title='bbox 883 198 1027 235; x_wconf 88' lang='lat' dir='ltr'>ov1D1</span> <span class='ocrx_word' id='word_1_4' title='bbox 1053 196 1271 234; x_wconf 81' lang='lat' dir='ltr'>NASONIS</span> 
     </span>
    </p>
   </div>
   <div class='ocr_carea' id='block_1_2' title="bbox 287 280 1537 2787">
    <p class='ocr_par' dir='ltr' id='par_1_2' title="bbox 287 280 1537 2787">
     <span class='ocr_line' id='line_1_2' title="bbox 415 280 1440 338; baseline -0.003 -14"><span class='ocrx_word' id='word_1_5' title='bbox 415 289 536 338; x_wconf 86' lang='lat' dir='ltr'>rapta</span> <span class='ocrx_word' id='word_1_6' title='bbox 561 282 689 324; x_wconf 83' lang='lat' dir='ltr'>semel</span> <span class='ocrx_word' id='word_1_7' title='bbox 715 280 860 323; x_wconf 90' lang='lat' dir='ltr'>videor</span> <span class='ocrx_word' id='word_1_8' title='bbox 885 281 949 322; x_wconf 91' lang='lat' dir='ltr'>bis</span> <span class='ocrx_word' id='word_1_9' title='bbox 974 294 1142 335; x_wconf 88' lang='lat' dir='ltr'>quoquc</span> <span class='ocrx_word' id='word_1_10' title='bbox 1169 280 1298 335; x_wconf 82' lang='lat' dir='ltr'>digna</span> <span class='ocrx_word' id='word_1_11' title='bbox 1322 280 1440 336; x_wconf 84' lang='lat' dir='ltr'>rapi?</span> 
     </span>
     <span class='ocr_line' id='line_1_3' title="bbox 359 336 1342 387; baseline -0.004 -6"><span class='ocrx_word' id='word_1_12' title='bbox 359 339 516 382; x_wconf 83' lang='lat' dir='ltr'><strong>crimen</strong></span> <span class='ocrx_word' id='word_1_13' title='bbox 542 346 631 380; x_wconf 88' lang='lat' dir='ltr'>crat</span> <span class='ocrx_word' id='word_1_14' title='bbox 655 346 865 387; x_wconf 87' lang='lat' dir='ltr'>nostrum,</span> <span class='ocrx_word' id='word_1_15' title='bbox 893 337 926 378; x_wconf 88' lang='lat' dir='ltr'>si</span> <span class='ocrx_word' id='word_1_16' title='bbox 952 337 1124 379; x_wconf 83' lang='lat' dir='ltr'>delinita</span> <span class='ocrx_word' id='word_1_17' title='bbox 1149 336 1342 378; x_wconf 83' lang='lat' dir='ltr'>fuissem.</span> 
     </span>
     <span class='ocr_line' id='line_1_4' title="bbox 415 393 1454 450; baseline -0.003 -13"><span class='ocrx_word' id='word_1_18' title='bbox 415 411 510 438; x_wconf 91' lang='lat' dir='ltr'>cum</span> <span class='ocrx_word' id='word_1_19' title='bbox 537 396 615 436; x_wconf 83' lang='lat' dir='ltr'>sim</span> <span class='ocrx_word' id='word_1_20' title='bbox 641 402 783 450; x_wconf 81' lang='lat' dir='ltr'>rapta,</span> <span class='ocrx_word' id='word_1_21' title='bbox 809 409 952 436; x_wconf 87' lang='lat' dir='ltr'>meum</span> <span class='ocrx_word' id='word_1_22' title='bbox 978 393 1079 449; x_wconf 90' lang='lat' dir='ltr'>quid</span> <span class='ocrx_word' id='word_1_23' title='bbox 1105 393 1185 434; x_wconf 85' lang='lat' dir='ltr'>nisi</span> <span class='ocrx_word' id='word_1_24' title='bbox 1210 394 1321 435; x_wconf 86' lang='lat' dir='ltr'>nolle</span> <span class='ocrx_word' id='word_1_25' title='bbox 1346 393 1454 435; x_wconf 81' lang='lat' dir='ltr'>fuit?</span> 
     </span>
     <span class='ocr_line' id='line_1_5' title="bbox 289 449 1443 506; baseline -0.005 -9"><span class='ocrx_word' id='word_1_26' title='bbox 289 468 330 498; x_wconf 81' lang='grc'>25</span> <span class='ocrx_word' id='word_1_27' title='bbox 357 467 441 494; x_wconf 86' lang='grc'><strong>11011</strong></span> <span class='ocrx_word' id='word_1_28' title='bbox 467 460 609 494; x_wconf 85' lang='lat' dir='ltr'>tamen</span> <span class='ocrx_word' id='word_1_29' title='bbox 634 467 656 494; x_wconf 89' lang='grc'>3</span> <span class='ocrx_word' id='word_1_30' title='bbox 682 452 794 493; x_wconf 88' lang='lat' dir='ltr'>facto</span> <span class='ocrx_word' id='word_1_31' title='bbox 820 450 1006 492; x_wconf 87' lang='lat' dir='ltr'>fructum</span> <span class='ocrx_word' id='word_1_32' title='bbox 1032 450 1124 492; x_wconf 86' lang='lat' dir='ltr'>tulit</span> <span class='ocrx_word' id='word_1_33' title='bbox 1151 450 1219 492; x_wconf 91' lang='lat' dir='ltr'>illc</span> <span class='ocrx_word' id='word_1_34' title='bbox 1245 449 1443 506; x_wconf 88' lang='lat' dir='ltr'>petitum·</span> 
     </span>
     <span class='ocr_line' id='line_1_6' title="bbox 415 507 1187 564; baseline -0.004 -13"><span class='ocrx_word' id='word_1_35' title='bbox 415 516 591 564; x_wconf 83' lang='lat' dir='ltr'>excepto</span> <span class='ocrx_word' id='word_1_36' title='bbox 617 508 721 551; x_wconf 81' lang='lat' dir='ltr'>redii</span> <span class='ocrx_word' id='word_1_37' title='bbox 747 523 872 564; x_wconf 86' lang='lat' dir='ltr'>passa</span> <span class='ocrx_word' id='word_1_38' title='bbox 897 508 1045 549; x_wconf 90' lang='lat' dir='ltr'>timore</span> <span class='ocrx_word' id='word_1_39' title='bbox 1071 507 1187 548; x_wconf 88' lang='lat' dir='ltr'>nihil.</span> 
     </span>
     <span class='ocr_line' id='line_1_7' title="bbox 357 565 1426 620; baseline -0.003 -12"><span class='ocrx_word' id='word_1_40' title='bbox 357 567 501 608; x_wconf 86' lang='lat' dir='ltr'>oscula</span> <span class='ocrx_word' id='word_1_41' title='bbox 525 566 703 608; x_wconf 86' lang='lat' dir='ltr'>luctanti</span> <span class='ocrx_word' id='word_1_42' title='bbox 728 565 1020 607; x_wconf 88' lang='lat' dir='ltr'>tantummodo</span> <span class='ocrx_word' id='word_1_43' title='bbox 1044 579 1181 620; x_wconf 88' lang='lat' dir='ltr'>pauca</span> <span class='ocrx_word' id='word_1_44' title='bbox 1205 570 1426 619; x_wconf 85' lang='lat' dir='ltr'>protervus</span> 
     </span>
     <span class='ocr_line' id='line_1_8' title="bbox 414 621 1261 673; baseline -0.002 -9"><span class='ocrx_word' id='word_1_45' title='bbox 414 623 608 673; x_wconf 86' lang='lat' dir='ltr'>abstulit,</span> <span class='ocrx_word' id='word_1_46' title='bbox 635 622 810 664; x_wconf 86' lang='lat' dir='ltr'>ulterius</span> <span class='ocrx_word' id='word_1_47' title='bbox 835 622 894 663; x_wconf 91' lang='lat' dir='ltr'>nil</span> <span class='ocrx_word' id='word_1_48' title='bbox 919 621 1046 663; x_wconf 83' lang='lat' dir='ltr'>habet</span> <span class='ocrx_word' id='word_1_49' title='bbox 1071 622 1140 663; x_wconf 94' lang='lat' dir='ltr'>ille</span> <span class='ocrx_word' id='word_1_50' title='bbox 1165 621 1261 663; x_wconf 89' lang='lat' dir='ltr'>mei.</span> 
     </span>
     <span class='ocr_line' id='line_1_9' title="bbox 357 677 1502 735; baseline -0.003 -13"><span class='ocrx_word' id='word_1_51' title='bbox 357 695 465 735; x_wconf 90' lang='lat' dir='ltr'>quae</span> <span class='ocrx_word' id='word_1_52' title='bbox 491 687 565 722; x_wconf 89' lang='lat' dir='ltr'>tua</span> <span class='ocrx_word' id='word_1_53' title='bbox 589 679 778 734; x_wconf 83' lang='lat' dir='ltr'>nequitia</span> <span class='ocrx_word' id='word_1_54' title='bbox 803 686 884 728; x_wconf 86' lang='lat' dir='ltr'>est,</span> <span class='ocrx_word' id='word_1_55' title='bbox 910 693 994 720; x_wconf 89' lang='lat' dir='ltr'>non</span> <span class='ocrx_word' id='word_1_56' title='bbox 1021 678 1085 720; x_wconf 88' lang='lat' dir='ltr'>his</span> <span class='ocrx_word' id='word_1_57' title='bbox 1111 686 1308 720; x_wconf 86' lang='lat' dir='ltr'>contenta</span> <span class='ocrx_word' id='word_1_58' title='bbox 1333 677 1502 720; x_wconf 86' lang='lat' dir='ltr'>fuisset:</span> 
     </span>
     <span class='ocr_line' id='line_1_10' title="bbox 288 735 1244 783; baseline -0.002 -5"><span class='ocrx_word' id='word_1_59' title='bbox 288 752 331 783; x_wconf 84' lang='lat'>30</span> <span class='ocrx_word' id='word_1_60' title='bbox 414 737 456 778; x_wconf 91' lang='lat' dir='ltr'>di</span> <span class='ocrx_word' id='word_1_61' title='bbox 481 736 650 779; x_wconf 81' lang='lat' dir='ltr'>melius!</span> <span class='ocrx_word' id='word_1_62' title='bbox 690 736 835 779; x_wconf 87' lang='lat' dir='ltr'>similis</span> <span class='ocrx_word' id='word_1_63' title='bbox 861 751 946 777; x_wconf 92' lang='lat' dir='ltr'>non</span> <span class='ocrx_word' id='word_1_64' title='bbox 971 735 1050 777; x_wconf 88' lang='lat' dir='ltr'>fuit</span> <span class='ocrx_word' id='word_1_65' title='bbox 1075 735 1144 777; x_wconf 92' lang='lat' dir='ltr'>ille</span> <span class='ocrx_word' id='word_1_66' title='bbox 1171 735 1244 776; x_wconf 88' lang='lat' dir='ltr'>tui.</span> 
     </span>
     <span class='ocr_line' id='line_1_11' title="bbox 355 791 1503 847; baseline -0.003 -11"><span class='ocrx_word' id='word_1_67' title='bbox 355 794 538 836; x_wconf 80' lang='lat' dir='ltr'>reddidit</span> <span class='ocrx_word' id='word_1_68' title='bbox 562 794 776 836; x_wconf 78' lang='lat' dir='ltr'>intactam.</span> <span class='ocrx_word' id='word_1_69' title='bbox 837 793 1073 847; x_wconf 91' lang='lat' dir='ltr'>minuitque</span> <span class='ocrx_word' id='word_1_70' title='bbox 1098 792 1304 834; x_wconf 85' lang='lat' dir='ltr'>modestia</span> <span class='ocrx_word' id='word_1_71' title='bbox 1330 791 1503 841; x_wconf 82' lang='lat' dir='ltr'>crimen,</span> 
     </span>
     <span class='ocr_line' id='line_1_12' title="bbox 413 850 1238 906; baseline -0.002 -14"><span class='ocrx_word' id='word_1_72' title='bbox 413 858 455 893; x_wconf 91' lang='lat' dir='ltr'>et</span> <span class='ocrx_word' id='word_1_73' title='bbox 478 851 676 893; x_wconf 88' lang='lat' dir='ltr'>iuvenem</span> <span class='ocrx_word' id='word_1_74' title='bbox 701 850 801 892; x_wconf 87' lang='lat' dir='ltr'>facti</span> <span class='ocrx_word' id='word_1_75' title='bbox 826 850 1083 906; x_wconf 86' lang='lat' dir='ltr'>paenituisse</span> <span class='ocrx_word' id='word_1_76' title='bbox 1109 857 1238 905; x_wconf 88' lang='lat' dir='ltr'>patet.</span> 
     </span>
     <span class='ocr_line' id='line_1_13' title="bbox 356 905 1363 963; baseline -0.004 -12.98"><span class='ocrx_word' id='word_1_77' title='bbox 356 908 524 950; x_wconf 88' lang='lat' dir='ltr'>Thesea</span> <span class='ocrx_word' id='word_1_78' title='bbox 548 908 773 963; x_wconf 87' lang='lat' dir='ltr'>paenituit,</span> <span class='ocrx_word' id='word_1_79' title='bbox 799 907 922 948; x_wconf 85' lang='lat' dir='ltr'>Paris</span> <span class='ocrx_word' id='word_1_80' title='bbox 947 915 995 948; x_wconf 90' lang='lat' dir='ltr'>ut</span> <span class='ocrx_word' id='word_1_81' title='bbox 1021 907 1264 948; x_wconf 81' lang='lat' dir='ltr'>succederet</span> <span class='ocrx_word' id='word_1_82' title='bbox 1289 905 1363 955; x_wconf 91' lang='lat' dir='ltr'>illi,</span> 
     </span>
     <span class='ocr_line' id='line_1_14' title="bbox 413 961 1389 1019; baseline -0.004 -13"><span class='ocrx_word' id='word_1_83' title='bbox 413 980 466 1008; x_wconf 92' lang='grc'>113</span> <span class='ocrx_word' id='word_1_84' title='bbox 492 965 662 1019; x_wconf 88' lang='lat' dir='ltr'>quando</span> <span class='ocrx_word' id='word_1_85' title='bbox 687 979 842 1006; x_wconf 87' lang='lat' dir='ltr'>nomen</span> <span class='ocrx_word' id='word_1_86' title='bbox 867 978 952 1006; x_wconf 87' lang='lat' dir='ltr'>non</span> <span class='ocrx_word' id='word_1_87' title='bbox 978 963 1030 1005; x_wconf 86' lang='lat' dir='ltr'>sit</span> <span class='ocrx_word' id='word_1_88' title='bbox 1054 964 1098 1004; x_wconf 91' lang='lat' dir='ltr'>in</span> <span class='ocrx_word' id='word_1_89' title='bbox 1124 977 1195 1004; x_wconf 89' lang='lat' dir='ltr'>ore</span> <span class='ocrx_word' id='word_1_90' title='bbox 1220 961 1389 1004; x_wconf 82' lang='lat' dir='ltr'>meum?</span> 
     </span>
     <span class='ocr_line' id='line_1_15' title="bbox 289 1019 1537 1075; baseline -0.006 -9"><span class='ocrx_word' id='word_1_91' title='bbox 289 1036 330 1067; x_wconf 91' lang='grc'>35</span> <span class='ocrx_word' id='word_1_92' title='bbox 356 1036 434 1064; x_wconf 84' lang='lat' dir='ltr'>nec</span> <span class='ocrx_word' id='word_1_93' title='bbox 459 1030 601 1064; x_wconf 86' lang='lat' dir='ltr'>tamen</span> <span class='ocrx_word' id='word_1_94' title='bbox 625 1022 794 1063; x_wconf 78' lang='lat' dir='ltr'>irascoi.</span> <span class='ocrx_word' id='word_1_95' title='bbox 856 1021 949 1075; x_wconf 88' lang='lat' dir='ltr'>quis</span> <span class='ocrx_word' id='word_1_96' title='bbox 975 1020 1086 1062; x_wconf 90' lang='lat' dir='ltr'>enim</span> <span class='ocrx_word' id='word_1_97' title='bbox 1112 1030 1329 1061; x_wconf 81' lang='lat' dir='ltr'>suscenset</span> <span class='ocrx_word' id='word_1_98' title='bbox 1355 1019 1537 1060; x_wconf 79' lang='lat' dir='ltr'>amanti?</span> 
     </span>
     <span class='ocr_line' id='line_1_16' title="bbox 415 1076 1525 1143; baseline -0.005 -22"><span class='ocrx_word' id='word_1_99' title='bbox 415 1079 449 1121; x_wconf 84' lang='lat' dir='ltr'>si</span> <span class='ocrx_word' id='word_1_100' title='bbox 473 1079 619 1128; x_wconf 88' lang='lat' dir='ltr'>modo,</span> <span class='ocrx_word' id='word_1_101' title='bbox 645 1092 772 1143; x_wconf 81' lang='lat' dir='ltr'>quem</span> <span class='ocrx_word' id='word_1_102' title='bbox 798 1077 1008 1133; x_wconf 87' lang='lat' dir='ltr'>praefers,</span> <span class='ocrx_word' id='word_1_103' title='bbox 1035 1092 1117 1119; x_wconf 86' lang='lat' dir='ltr'>non</span> <span class='ocrx_word' id='word_1_104' title='bbox 1146 1076 1368 1118; x_wconf 85' lang='lat' dir='ltr'>simulatur</span> <span class='ocrx_word' id='word_1_105' title='bbox 1393 1090 1525 1117; x_wconf 86' lang='lat' dir='ltr'>amor.</span> 
     </span>
     <span class='ocr_line' id='line_1_17' title="bbox 355 1132 1526 1190; baseline -0.003 -12"><span class='ocrx_word' id='word_1_106' title='bbox 355 1136 437 1178; x_wconf 91' lang='lat' dir='ltr'>hoc</span> <span class='ocrx_word' id='word_1_107' title='bbox 461 1150 631 1190; x_wconf 90' lang='lat' dir='ltr'>quoque</span> <span class='ocrx_word' id='word_1_108' title='bbox 658 1135 770 1177; x_wconf 88' lang='lat' dir='ltr'>enim</span> <span class='ocrx_word' id='word_1_109' title='bbox 796 1135 961 1184; x_wconf 81' lang='lat' dir='ltr'>dubito,</span> <span class='ocrx_word' id='word_1_110' title='bbox 988 1149 1073 1176; x_wconf 88' lang='lat' dir='ltr'>non</span> <span class='ocrx_word' id='word_1_111' title='bbox 1098 1133 1214 1188; x_wconf 89' lang='lat' dir='ltr'>quod</span> <span class='ocrx_word' id='word_1_112' title='bbox 1238 1132 1394 1174; x_wconf 88' lang='lat' dir='ltr'>fiducia</span> <span class='ocrx_word' id='word_1_113' title='bbox 1419 1133 1526 1175; x_wconf 83' lang='lat' dir='ltr'>desit</span> 
     </span>
     <span class='ocr_line' id='line_1_18' title="bbox 415 1190 1354 1235; baseline -0.004 0"><span class='ocrx_word' id='word_1_114' title='bbox 415 1201 488 1235; x_wconf 89' lang='lat' dir='ltr'>aut</span> <span class='ocrx_word' id='word_1_115' title='bbox 512 1208 606 1235; x_wconf 86' lang='lat' dir='ltr'>mea</span> <span class='ocrx_word' id='word_1_116' title='bbox 633 1192 685 1234; x_wconf 86' lang='lat' dir='ltr'>sit</span> <span class='ocrx_word' id='word_1_117' title='bbox 709 1192 839 1234; x_wconf 86' lang='lat' dir='ltr'>facies</span> <span class='ocrx_word' id='word_1_118' title='bbox 864 1207 949 1233; x_wconf 92' lang='lat' dir='ltr'>non</span> <span class='ocrx_word' id='word_1_119' title='bbox 974 1192 1082 1233; x_wconf 88' lang='lat' dir='ltr'>bene</span> <span class='ocrx_word' id='word_1_120' title='bbox 1107 1198 1208 1232; x_wconf 84' lang='lat' dir='ltr'>nota</span> <span class='ocrx_word' id='word_1_121' title='bbox 1231 1190 1354 1231; x_wconf 89' lang='lat' dir='ltr'>mihi:</span> 
     </span>
     <span class='ocr_line' id='line_1_19' title="bbox 358 1247 1428 1304; baseline -0.003 -12"><span class='ocrx_word' id='word_1_122' title='bbox 358 1250 432 1292; x_wconf 86' lang='lat' dir='ltr'>sed</span> <span class='ocrx_word' id='word_1_123' title='bbox 457 1250 557 1304; x_wconf 85' lang='lat' dir='ltr'>quia</span> <span class='ocrx_word' id='word_1_124' title='bbox 582 1249 807 1292; x_wconf 86' lang='lat' dir='ltr'>credulitas</span> <span class='ocrx_word' id='word_1_125' title='bbox 834 1249 988 1290; x_wconf 88' lang='lat' dir='ltr'>damno</span> <span class='ocrx_word' id='word_1_126' title='bbox 1015 1249 1119 1290; x_wconf 89' lang='lat' dir='ltr'>solet</span> <span class='ocrx_word' id='word_1_127' title='bbox 1145 1263 1237 1290; x_wconf 85' lang='lat' dir='ltr'>esse</span> <span class='ocrx_word' id='word_1_128' title='bbox 1263 1247 1428 1302; x_wconf 86' lang='lat' dir='ltr'>puellis,</span> 
     </span>
     <span class='ocr_line' id='line_1_20' title="bbox 288 1305 1308 1361; baseline -0.004 -11"><span class='ocrx_word' id='word_1_129' title='bbox 288 1321 333 1351; x_wconf 84' lang='lat'>40</span> <span class='ocrx_word' id='word_1_130' title='bbox 415 1307 630 1361; x_wconf 87' lang='lat' dir='ltr'>verbaque</span> <span class='ocrx_word' id='word_1_131' title='bbox 656 1306 854 1348; x_wconf 90' lang='lat' dir='ltr'>dicuntur</span> <span class='ocrx_word' id='word_1_132' title='bbox 879 1314 1019 1348; x_wconf 87' lang='lat' dir='ltr'>vestra</span> <span class='ocrx_word' id='word_1_133' title='bbox 1044 1320 1186 1347; x_wconf 86' lang='lat' dir='ltr'>carere</span> <span class='ocrx_word' id='word_1_134' title='bbox 1212 1305 1308 1346; x_wconf 88' lang='lat' dir='ltr'>fide.</span> 
     </span>
     <span class='ocr_line' id='line_1_21' title="bbox 358 1362 1491 1429; baseline -0.003 -22.945"><span class='ocrx_word' id='word_1_135' title='bbox 358 1369 421 1405; x_wconf 84' lang='lat' dir='ltr'>‘at</span> <span class='ocrx_word' id='word_1_136' title='bbox 445 1371 622 1429; x_wconf 88' lang='lat' dir='ltr'>peccant</span> <span class='ocrx_word' id='word_1_137' title='bbox 649 1363 776 1413; x_wconf 87' lang='lat' dir='ltr'>aliae,</span> <span class='ocrx_word' id='word_1_138' title='bbox 801 1370 1077 1428; x_wconf 80' lang='lat' dir='ltr'>matronaque</span> <span class='ocrx_word' id='word_1_139' title='bbox 1102 1378 1198 1403; x_wconf 85' lang='lat' dir='ltr'>rara</span> <span class='ocrx_word' id='word_1_140' title='bbox 1221 1362 1377 1417; x_wconf 85' lang='lat' dir='ltr'>pudica</span> <span class='ocrx_word' id='word_1_141' title='bbox 1402 1362 1491 1404; x_wconf 59' lang='lat' dir='ltr'>est?</span> 
     </span>
     <span class='ocr_line' id='line_1_22' title="bbox 414 1419 1390 1476; baseline -0.002 -14"><span class='ocrx_word' id='word_1_142' title='bbox 414 1420 508 1475; x_wconf 88' lang='lat' dir='ltr'>quis</span> <span class='ocrx_word' id='word_1_143' title='bbox 534 1420 727 1476; x_wconf 82' lang='lat' dir='ltr'>prohibet</span> <span class='ocrx_word' id='word_1_144' title='bbox 753 1420 856 1461; x_wconf 86' lang='lat' dir='ltr'>raris</span> <span class='ocrx_word' id='word_1_145' title='bbox 881 1434 1036 1461; x_wconf 85' lang='lat' dir='ltr'>nomen</span> <span class='ocrx_word' id='word_1_146' title='bbox 1060 1420 1197 1461; x_wconf 86' lang='lat' dir='ltr'>inesse</span> <span class='ocrx_word' id='word_1_147' title='bbox 1223 1419 1390 1461; x_wconf 80' lang='lat' dir='ltr'>meum?</span> 
     </span>
     <span class='ocr_line' id='line_1_23' title="bbox 356 1475 1522 1531; baseline -0.002 -12"><span class='ocrx_word' id='word_1_148' title='bbox 356 1493 455 1520; x_wconf 90' lang='lat' dir='ltr'>nam</span> <span class='ocrx_word' id='word_1_149' title='bbox 481 1493 576 1519; x_wconf 86' lang='lat' dir='ltr'>mea</span> <span class='ocrx_word' id='word_1_150' title='bbox 602 1477 715 1531; x_wconf 90' lang='lat' dir='ltr'>quod</span> <span class='ocrx_word' id='word_1_151' title='bbox 740 1477 830 1518; x_wconf 86' lang='lat' dir='ltr'>visa</span> <span class='ocrx_word' id='word_1_152' title='bbox 856 1484 918 1518; x_wconf 86' lang='lat' dir='ltr'>est</span> <span class='ocrx_word' id='word_1_153' title='bbox 944 1477 1019 1518; x_wconf 91' lang='lat' dir='ltr'>tibi</span> <span class='ocrx_word' id='word_1_154' title='bbox 1045 1484 1180 1518; x_wconf 86' lang='lat' dir='ltr'>mater</span> <span class='ocrx_word' id='word_1_155' title='bbox 1203 1475 1374 1525; x_wconf 86' lang='lat' dir='ltr'>idonea,</span> <span class='ocrx_word' id='word_1_156' title='bbox 1401 1475 1522 1518; x_wconf 88' lang='lat' dir='ltr'>cuius</span> 
     </span>
     <span class='ocr_line' id='line_1_24' title="bbox 414 1533 1343 1599; baseline -0.002 -23"><span class='ocrx_word' id='word_1_157' title='bbox 414 1534 608 1589; x_wconf 84' lang='lat' dir='ltr'>exemplo</span> <span class='ocrx_word' id='word_1_158' title='bbox 632 1533 745 1575; x_wconf 89' lang='lat' dir='ltr'>flecti</span> <span class='ocrx_word' id='word_1_159' title='bbox 769 1548 837 1574; x_wconf 89' lang='grc'><strong>1113</strong></span> <span class='ocrx_word' id='word_1_160' title='bbox 863 1548 1032 1587; x_wconf 92' lang='lat' dir='ltr'>quoque</span> <span class='ocrx_word' id='word_1_161' title='bbox 1046 1548 1181 1599; x_wconf 30' lang='lat' dir='ltr'>‘posse</span> <span class='ocrx_word' id='word_1_162' title='bbox 1206 1541 1343 1588; x_wconf 88' lang='lat' dir='ltr'>putes,</span> 
     </span>
     <span class='ocr_line' id='line_1_25' title="bbox 287 1590 1371 1645; baseline -0.004 -10"><span class='ocrx_word' id='word_1_163' title='bbox 287 1604 331 1635; x_wconf 83' lang='lat'>45</span> <span class='ocrx_word' id='word_1_164' title='bbox 356 1591 503 1633; x_wconf 87' lang='lat' dir='ltr'>matris</span> <span class='ocrx_word' id='word_1_165' title='bbox 527 1591 570 1632; x_wconf 90' lang='lat' dir='ltr'>in</span> <span class='ocrx_word' id='word_1_166' title='bbox 597 1590 781 1632; x_wconf 88' lang='lat' dir='ltr'>admisso</span> <span class='ocrx_word' id='word_1_167' title='bbox 806 1590 915 1632; x_wconf 89' lang='lat' dir='ltr'>falsa</span> <span class='ocrx_word' id='word_1_168' title='bbox 940 1590 1054 1632; x_wconf 91' lang='lat' dir='ltr'>sub</span> <span class='ocrx_word' id='word_1_169' title='bbox 1043 1590 1228 1645; x_wconf 81' lang='lat' dir='ltr'>nnagine</span> <span class='ocrx_word' id='word_1_170' title='bbox 1253 1590 1371 1631; x_wconf 86' lang='lat' dir='ltr'>lusae</span> 
     </span>
     <span class='ocr_line' id='line_1_26' title="bbox 414 1647 1331 1703; baseline -0.002 -13"><span class='ocrx_word' id='word_1_171' title='bbox 414 1663 529 1691; x_wconf 88' lang='lat' dir='ltr'>error</span> <span class='ocrx_word' id='word_1_172' title='bbox 553 1648 681 1690; x_wconf 89' lang='lat' dir='ltr'>inest:</span> <span class='ocrx_word' id='word_1_173' title='bbox 707 1648 853 1703; x_wconf 90' lang='lat' dir='ltr'>pluma</span> <span class='ocrx_word' id='word_1_174' title='bbox 878 1654 1014 1689; x_wconf 84' lang='lat' dir='ltr'>tectus</span> <span class='ocrx_word' id='word_1_175' title='bbox 1040 1647 1205 1689; x_wconf 84' lang='lat' dir='ltr'>adulter</span> <span class='ocrx_word' id='word_1_176' title='bbox 1231 1654 1331 1688; x_wconf 87' lang='lat' dir='ltr'>erat.</span> 
     </span>
     <span class='ocr_line' id='line_1_27' title="bbox 356 1703 1492 1761; baseline -0.002 -14"><span class='ocrx_word' id='word_1_177' title='bbox 356 1705 415 1747; x_wconf 91' lang='lat' dir='ltr'>nil</span> <span class='ocrx_word' id='word_1_178' title='bbox 441 1720 539 1761; x_wconf 82' lang='lat' dir='ltr'>egO,</span> <span class='ocrx_word' id='word_1_179' title='bbox 567 1705 601 1746; x_wconf 86' lang='lat' dir='ltr'>si</span> <span class='ocrx_word' id='word_1_180' title='bbox 626 1719 820 1760; x_wconf 88' lang='lat' dir='ltr'>peccem,</span> <span class='ocrx_word' id='word_1_181' title='bbox 846 1719 1020 1760; x_wconf 88' lang='lat' dir='ltr'>possum</span> <span class='ocrx_word' id='word_1_182' title='bbox 1044 1704 1250 1754; x_wconf 85' lang='lat' dir='ltr'>nescisse3</span> <span class='ocrx_word' id='word_1_183' title='bbox 1275 1718 1354 1746; x_wconf 91' lang='lat' dir='ltr'>nec</span> <span class='ocrx_word' id='word_1_184' title='bbox 1379 1703 1492 1745; x_wconf 88' lang='lat' dir='ltr'>ullus</span> 
     </span>
     <span class='ocr_line' id='line_1_28' title="bbox 416 1761 1342 1816; baseline -0.002 -12"><span class='ocrx_word' id='word_1_185' title='bbox 416 1777 543 1812; x_wconf 90' lang='lat' dir='ltr'>error,</span> <span class='ocrx_word' id='word_1_186' title='bbox 570 1763 643 1816; x_wconf 93' lang='lat' dir='ltr'>qui</span> <span class='ocrx_word' id='word_1_187' title='bbox 668 1762 770 1803; x_wconf 86' lang='lat' dir='ltr'>facti</span> <span class='ocrx_word' id='word_1_188' title='bbox 796 1762 954 1804; x_wconf 88' lang='lat' dir='ltr'>crimen</span> <span class='ocrx_word' id='word_1_189' title='bbox 980 1761 1226 1811; x_wconf 87' lang='lat' dir='ltr'>obumbret,</span> <span class='ocrx_word' id='word_1_190' title='bbox 1253 1761 1342 1803; x_wconf 85' lang='lat' dir='ltr'>erit.</span> 
     </span>
     <span class='ocr_line' id='line_1_29' title="bbox 358 1817 1416 1873; baseline -0.003 -12"><span class='ocrx_word' id='word_1_191' title='bbox 358 1820 427 1861; x_wconf 86' lang='lat' dir='ltr'>illa</span> <span class='ocrx_word' id='word_1_192' title='bbox 452 1819 561 1861; x_wconf 91' lang='lat' dir='ltr'>bene</span> <span class='ocrx_word' id='word_1_193' title='bbox 588 1819 742 1861; x_wconf 84' lang='lat' dir='ltr'>erravit</span> <span class='ocrx_word' id='word_1_194' title='bbox 766 1818 1000 1873; x_wconf 88' lang='lat' dir='ltr'>vitiumque</span> <span class='ocrx_word' id='word_1_195' title='bbox 1027 1826 1196 1860; x_wconf 86' lang='lat' dir='ltr'>auctore</span> <span class='ocrx_word' id='word_1_196' title='bbox 1221 1817 1416 1860; x_wconf 87' lang='lat' dir='ltr'>redemit:</span> 
     </span>
     <span class='ocr_line' id='line_1_30' title="bbox 289 1875 1244 1931; baseline -0.004 -11"><span class='ocrx_word' id='word_1_197' title='bbox 289 1890 332 1920; x_wconf 79' lang='lat'>50</span> <span class='ocrx_word' id='word_1_198' title='bbox 414 1876 516 1918; x_wconf 89' lang='lat' dir='ltr'>felix</span> <span class='ocrx_word' id='word_1_199' title='bbox 542 1875 585 1916; x_wconf 91' lang='lat' dir='ltr'>in</span> <span class='ocrx_word' id='word_1_200' title='bbox 611 1876 736 1931; x_wconf 88' lang='lat' dir='ltr'>culpa</span> <span class='ocrx_word' id='word_1_201' title='bbox 760 1889 844 1929; x_wconf 89' lang='lat' dir='ltr'>quo</span> <span class='ocrx_word' id='word_1_202' title='bbox 869 1876 972 1917; x_wconf 88' lang='lat' dir='ltr'>Iove</span> <span class='ocrx_word' id='word_1_203' title='bbox 999 1875 1114 1916; x_wconf 86' lang='lat' dir='ltr'>dicar</span> <span class='ocrx_word' id='word_1_204' title='bbox 1139 1875 1244 1929; x_wconf 85' lang='lat' dir='ltr'>ego?</span> 
     </span>
     <span class='ocr_line' id='line_1_31' title="bbox 359 1931 1409 1988; baseline -0.003 -13"><span class='ocrx_word' id='word_1_205' title='bbox 359 1941 396 1975; x_wconf 89' lang='lat' dir='ltr'>et</span> <span class='ocrx_word' id='word_1_206' title='bbox 423 1948 558 1988; x_wconf 81' lang='lat' dir='ltr'>genus</span> <span class='ocrx_word' id='word_1_207' title='bbox 584 1940 625 1974; x_wconf 90' lang='lat' dir='ltr'>et</span> <span class='ocrx_word' id='word_1_208' title='bbox 650 1946 829 1987; x_wconf 87' lang='lat' dir='ltr'>proavos</span> <span class='ocrx_word' id='word_1_209' title='bbox 855 1940 896 1973; x_wconf 86' lang='lat' dir='ltr'>et</span> <span class='ocrx_word' id='word_1_210' title='bbox 921 1932 1038 1987; x_wconf 83' lang='lat' dir='ltr'>regia</span> <span class='ocrx_word' id='word_1_211' title='bbox 1062 1933 1234 1972; x_wconf 87' lang='lat' dir='ltr'>nomina</span> <span class='ocrx_word' id='word_1_212' title='bbox 1258 1931 1409 1972; x_wconf 89' lang='lat' dir='ltr'>iactas:</span> 
     </span>
     <span class='ocr_line' id='line_1_32' title="bbox 415 1988 1404 2031; baseline -0.002 0"><span class='ocrx_word' id='word_1_213' title='bbox 415 1991 527 2031; x_wconf 86' lang='lat' dir='ltr'>clara</span> <span class='ocrx_word' id='word_1_214' title='bbox 552 1989 653 2031; x_wconf 87' lang='lat' dir='ltr'>satis</span> <span class='ocrx_word' id='word_1_215' title='bbox 678 1989 828 2030; x_wconf 88' lang='lat' dir='ltr'>domus</span> <span class='ocrx_word' id='word_1_216' title='bbox 854 1988 958 2030; x_wconf 85' lang='lat' dir='ltr'>haec</span> <span class='ocrx_word' id='word_1_217' title='bbox 982 1989 1200 2030; x_wconf 85' lang='lat' dir='ltr'>nobilitate</span> <span class='ocrx_word' id='word_1_218' title='bbox 1226 2003 1303 2030; x_wconf 88' lang='lat' dir='ltr'>sua</span> <span class='ocrx_word' id='word_1_219' title='bbox 1328 1996 1404 2030; x_wconf 86' lang='lat' dir='ltr'>est.</span> 
     </span>
     <span class='ocr_line' id='line_1_33' title="bbox 357 2046 1416 2102; baseline -0.002 -14"><span class='ocrx_word' id='word_1_220' title='bbox 357 2047 549 2102; x_wconf 85' lang='lat' dir='ltr'>Iuppiter</span> <span class='ocrx_word' id='word_1_221' title='bbox 574 2054 620 2087; x_wconf 91' lang='lat' dir='ltr'>ut</span> <span class='ocrx_word' id='word_1_222' title='bbox 646 2046 778 2088; x_wconf 86' lang='lat' dir='ltr'>soceri</span> <span class='ocrx_word' id='word_1_223' title='bbox 804 2060 988 2101; x_wconf 86' lang='lat' dir='ltr'>proavus</span> <span class='ocrx_word' id='word_1_224' title='bbox 1013 2053 1200 2088; x_wconf 84' lang='lat' dir='ltr'>taceatur</span> <span class='ocrx_word' id='word_1_225' title='bbox 1226 2053 1267 2087; x_wconf 90' lang='lat' dir='ltr'>et</span> <span class='ocrx_word' id='word_1_226' title='bbox 1292 2059 1416 2087; x_wconf 88' lang='lat' dir='ltr'>omne</span> 
     </span>
     <span class='ocr_line' id='line_1_34' title="bbox 416 2103 1369 2158; baseline -0.002 -14"><span class='ocrx_word' id='word_1_227' title='bbox 416 2103 666 2145; x_wconf 85' lang='lat' dir='ltr'>Tantalidae</span> <span class='ocrx_word' id='word_1_228' title='bbox 691 2103 866 2158; x_wconf 91' lang='lat' dir='ltr'>Pelopis</span> <span class='ocrx_word' id='word_1_229' title='bbox 891 2103 1193 2158; x_wconf 85' lang='lat' dir='ltr'>Tyndareique</span> <span class='ocrx_word' id='word_1_230' title='bbox 1220 2103 1369 2144; x_wconf 88' lang='lat' dir='ltr'>decus:</span> 
     </span>
     <span class='ocr_line' id='line_1_35' title="bbox 289 2160 1504 2216; baseline -0.002 -13"><span class='ocrx_word' id='word_1_231' title='bbox 289 2174 330 2204; x_wconf 79' lang='grc'>55</span> <span class='ocrx_word' id='word_1_232' title='bbox 359 2160 429 2202; x_wconf 87' lang='lat' dir='ltr'>dat</span> <span class='ocrx_word' id='word_1_233' title='bbox 455 2160 557 2201; x_wconf 79' lang='lat' dir='ltr'>mihi</span> <span class='ocrx_word' id='word_1_234' title='bbox 583 2160 706 2202; x_wconf 86' lang='lat' dir='ltr'>Leda</span> <span class='ocrx_word' id='word_1_235' title='bbox 731 2161 878 2202; x_wconf 88' lang='lat' dir='ltr'>Iovem</span> <span class='ocrx_word' id='word_1_236' title='bbox 905 2174 1042 2216; x_wconf 85' lang='lat' dir='ltr'>cygno</span> <span class='ocrx_word' id='word_1_237' title='bbox 1069 2160 1245 2214; x_wconf 86' lang='lat' dir='ltr'>decepta</span> <span class='ocrx_word' id='word_1_238' title='bbox 1269 2165 1504 2214; x_wconf 87' lang='lat' dir='ltr'>parentem,</span> 
     </span>
     <span class='ocr_line' id='line_1_36' title="bbox 414 2216 1377 2272; baseline -0.002 -13"><span class='ocrx_word' id='word_1_239' title='bbox 414 2233 522 2272; x_wconf 85' lang='lat' dir='ltr'>quae</span> <span class='ocrx_word' id='word_1_240' title='bbox 548 2217 700 2259; x_wconf 86' lang='lat' dir='ltr'>falsam</span> <span class='ocrx_word' id='word_1_241' title='bbox 724 2217 887 2272; x_wconf 79' lang='lat' dir='ltr'>gremio</span> <span class='ocrx_word' id='word_1_242' title='bbox 913 2217 1084 2259; x_wconf 88' lang='lat' dir='ltr'>credula</span> <span class='ocrx_word' id='word_1_243' title='bbox 1109 2216 1215 2258; x_wconf 88' lang='lat' dir='ltr'>fovit</span> <span class='ocrx_word' id='word_1_244' title='bbox 1241 2232 1377 2258; x_wconf 87' lang='lat' dir='ltr'>avem</span> 
     </span>
     <span class='ocr_line' id='line_1_37' title="bbox 356 2251 1342 2330; baseline -0.002 -14"><span class='ocrx_word' id='word_1_245' title='bbox 356 2275 369 2316; x_wconf 88' lang='lat' dir='ltr'>i</span> <span class='ocrx_word' id='word_1_246' title='bbox 395 2289 509 2316; x_wconf 87' lang='lat' dir='ltr'>nunc</span> <span class='ocrx_word' id='word_1_247' title='bbox 534 2282 574 2316; x_wconf 89' lang='lat' dir='ltr'>et</span> <span class='ocrx_word' id='word_1_248' title='bbox 599 2251 749 2330; x_wconf 47' lang='lat' dir='ltr'>Phryge,</span> <span class='ocrx_word' id='word_1_249' title='bbox 752 2275 816 2316; x_wconf 90' lang='lat' dir='ltr'>iae</span> <span class='ocrx_word' id='word_1_250' title='bbox 840 2274 924 2316; x_wconf 89' lang='lat' dir='ltr'>late</span> <span class='ocrx_word' id='word_1_251' title='bbox 950 2274 1230 2330; x_wconf 46' lang='lat' dir='ltr'>primordiae</span> <span class='ocrx_word' id='word_1_252' title='bbox 1206 2273 1342 2315; x_wconf 64' lang='lat' dir='ltr'>Uentis</span> 
     </span>
     <span class='ocr_line' id='line_1_38' title="bbox 414 2329 1413 2386; baseline -0.003 -13"><span class='ocrx_word' id='word_1_253' title='bbox 414 2345 595 2386; x_wconf 88' lang='lat' dir='ltr'>cumque</span> <span class='ocrx_word' id='word_1_254' title='bbox 621 2346 697 2373; x_wconf 89' lang='lat' dir='ltr'>suo</span> <span class='ocrx_word' id='word_1_255' title='bbox 722 2331 943 2372; x_wconf 85' lang='lat' dir='ltr'>Priamum</span> <span class='ocrx_word' id='word_1_256' title='bbox 969 2331 1265 2372; x_wconf 86' lang='lat' dir='ltr'>Laumedonte</span> <span class='ocrx_word' id='word_1_257' title='bbox 1290 2329 1413 2372; x_wconf 85' lang='lat' dir='ltr'>refer.</span> 
     </span>
     <span class='ocr_line' id='line_1_39' title="bbox 357 2387 1535 2444; baseline -0.002 -14"><span class='ocrx_word' id='word_1_258' title='bbox 357 2403 462 2443; x_wconf 86' lang='lat' dir='ltr'>quos</span> <span class='ocrx_word' id='word_1_259' title='bbox 489 2403 568 2443; x_wconf 82' lang='lat' dir='ltr'>ego</span> <span class='ocrx_word' id='word_1_260' title='bbox 595 2388 801 2444; x_wconf 81' lang='lat' dir='ltr'>suspici03</span> <span class='ocrx_word' id='word_1_261' title='bbox 828 2389 903 2430; x_wconf 89' lang='lat' dir='ltr'>sed</span> <span class='ocrx_word' id='word_1_262' title='bbox 928 2388 1002 2442; x_wconf 90' lang='lat' dir='ltr'>qui</span> <span class='ocrx_word' id='word_1_263' title='bbox 1027 2388 1103 2429; x_wconf 90' lang='lat' dir='ltr'>tibi</span> <span class='ocrx_word' id='word_1_264' title='bbox 1129 2387 1265 2443; x_wconf 82' lang='lat' dir='ltr'>gloria</span> <span class='ocrx_word' id='word_1_265' title='bbox 1290 2402 1446 2443; x_wconf 85' lang='lat' dir='ltr'>magna</span> <span class='ocrx_word' id='word_1_266' title='bbox 1471 2394 1535 2428; x_wconf 88' lang='lat' dir='ltr'>est.</span> 
     </span>
     <span class='ocr_line' id='line_1_40' title="bbox 290 2444 1379 2500; baseline -0.004 -11"><span class='ocrx_word' id='word_1_267' title='bbox 290 2459 332 2489; x_wconf 83' lang='lat'>60</span> <span class='ocrx_word' id='word_1_268' title='bbox 414 2446 604 2500; x_wconf 73' lang='lat' dir='ltr'>quintus5</span> <span class='ocrx_word' id='word_1_269' title='bbox 631 2445 666 2487; x_wconf 87' lang='lat' dir='ltr'>is</span> <span class='ocrx_word' id='word_1_270' title='bbox 693 2461 717 2486; x_wconf 86' lang='lat' dir='ltr'>a</span> <span class='ocrx_word' id='word_1_271' title='bbox 741 2453 883 2487; x_wconf 86' lang='lat' dir='ltr'>nostro</span> <span class='ocrx_word' id='word_1_272' title='bbox 908 2445 1078 2487; x_wconf 87' lang='lat' dir='ltr'>nomine</span> <span class='ocrx_word' id='word_1_273' title='bbox 1102 2445 1264 2500; x_wconf 85' lang='lat' dir='ltr'>primus</span> <span class='ocrx_word' id='word_1_274' title='bbox 1290 2444 1379 2487; x_wconf 84' lang='lat' dir='ltr'>erit.</span> 
     </span>
     <span class='ocr_line' id='line_1_41' title="bbox 357 2501 1510 2558; baseline 0 -15"><span class='ocrx_word' id='word_1_275' title='bbox 357 2511 522 2558; x_wconf 84' lang='lat' dir='ltr'>sceptra</span> <span class='ocrx_word' id='word_1_276' title='bbox 548 2510 647 2545; x_wconf 83' lang='lat' dir='ltr'>tuae</span> <span class='ocrx_word' id='word_1_277' title='bbox 673 2503 867 2557; x_wconf 88' lang='lat' dir='ltr'>quamvis</span> <span class='ocrx_word' id='word_1_278' title='bbox 892 2518 985 2544; x_wconf 87' lang='lat' dir='ltr'>rear</span> <span class='ocrx_word' id='word_1_279' title='bbox 1011 2517 1102 2544; x_wconf 88' lang='lat' dir='ltr'>esse</span> <span class='ocrx_word' id='word_1_280' title='bbox 1127 2502 1316 2557; x_wconf 87' lang='lat' dir='ltr'>potentia</span> <span class='ocrx_word' id='word_1_281' title='bbox 1341 2501 1510 2552; x_wconf 84' lang='lat' dir='ltr'>Troiae,</span> 
     </span>
     <span class='ocr_line' id='line_1_42' title="bbox 414 2559 1345 2615; baseline 0 -15"><span class='ocrx_word' id='word_1_282' title='bbox 414 2574 496 2600; x_wconf 86' lang='grc'><strong>11011</strong></span> <span class='ocrx_word' id='word_1_283' title='bbox 523 2567 664 2600; x_wconf 84' lang='lat' dir='ltr'>tamen</span> <span class='ocrx_word' id='word_1_284' title='bbox 690 2559 795 2602; x_wconf 90' lang='lat' dir='ltr'>haec</span> <span class='ocrx_word' id='word_1_285' title='bbox 818 2560 899 2601; x_wconf 88' lang='lat' dir='ltr'>illis</span> <span class='ocrx_word' id='word_1_286' title='bbox 925 2574 1016 2602; x_wconf 87' lang='lat' dir='ltr'>esse</span> <span class='ocrx_word' id='word_1_287' title='bbox 1041 2559 1204 2601; x_wconf 88' lang='lat' dir='ltr'>minora</span> <span class='ocrx_word' id='word_1_288' title='bbox 1228 2567 1345 2615; x_wconf 86' lang='lat' dir='ltr'>puto.</span> 
     </span>
     <span class='ocr_line' id='line_1_43' title="bbox 357 2615 1414 2671; baseline 0.001 -15.001"><span class='ocrx_word' id='word_1_289' title='bbox 357 2615 390 2656; x_wconf 85' lang='lat' dir='ltr'>si</span> <span class='ocrx_word' id='word_1_290' title='bbox 417 2616 499 2656; x_wconf 67' lang='lat' dir='ltr'>itm</span> <span class='ocrx_word' id='word_1_291' title='bbox 526 2615 683 2657; x_wconf 84' lang='lat' dir='ltr'>divitiis</span> <span class='ocrx_word' id='word_1_292' title='bbox 707 2617 825 2658; x_wconf 87' lang='lat' dir='ltr'>locus</span> <span class='ocrx_word' id='word_1_293' title='bbox 851 2617 918 2658; x_wconf 92' lang='lat' dir='ltr'>hic</span> <span class='ocrx_word' id='word_1_294' title='bbox 943 2631 1202 2671; x_wconf 89' lang='lat' dir='ltr'>numeroque</span> <span class='ocrx_word' id='word_1_295' title='bbox 1228 2616 1414 2658; x_wconf 86' lang='lat' dir='ltr'>virorum</span> 
     </span>
     <span class='ocr_line' id='line_1_44' title="bbox 414 2673 1354 2720; baseline 0.001 -7"><span class='ocrx_word' id='word_1_296' title='bbox 414 2673 607 2720; x_wconf 82' lang='lat' dir='ltr'>vincitur,</span> <span class='ocrx_word' id='word_1_297' title='bbox 634 2680 675 2714; x_wconf 89' lang='lat' dir='ltr'>at</span> <span class='ocrx_word' id='word_1_298' title='bbox 701 2682 813 2715; x_wconf 91' lang='lat' dir='ltr'>certe</span> <span class='ocrx_word' id='word_1_299' title='bbox 838 2673 1020 2715; x_wconf 87' lang='lat' dir='ltr'>barbara</span> <span class='ocrx_word' id='word_1_300' title='bbox 1045 2680 1156 2716; x_wconf 85' lang='lat' dir='ltr'>te11·a</span> <span class='ocrx_word' id='word_1_301' title='bbox 1181 2680 1254 2714; x_wconf 89' lang='lat' dir='ltr'>tua</span> <span class='ocrx_word' id='word_1_302' title='bbox 1280 2681 1354 2714; x_wconf 88' lang='lat' dir='ltr'>est.</span> 
     </span>
     <span class='ocr_line' id='line_1_45' title="bbox 289 2729 1464 2787; baseline -0.002 -13"><span class='ocrx_word' id='word_1_303' title='bbox 289 2742 331 2774; x_wconf 82' lang='lat'>65</span> <span class='ocrx_word' id='word_1_304' title='bbox 357 2744 533 2772; x_wconf 89' lang='lat' dir='ltr'>munera</span> <span class='ocrx_word' id='word_1_305' title='bbox 557 2736 675 2771; x_wconf 84' lang='lat' dir='ltr'>tanta</span> <span class='ocrx_word' id='word_1_306' title='bbox 700 2730 871 2785; x_wconf 87' lang='lat' dir='ltr'>quidem</span> <span class='ocrx_word' id='word_1_307' title='bbox 897 2731 1102 2787; x_wconf 88' lang='lat' dir='ltr'>promittit</span> <span class='ocrx_word' id='word_1_308' title='bbox 1128 2730 1306 2786; x_wconf 89' lang='lat' dir='ltr'>epistula</span> <span class='ocrx_word' id='word_1_309' title='bbox 1331 2729 1464 2781; x_wconf 80' lang='lat' dir='ltr'>dives,</span> 
     </span>
    </p>
   </div>
  </div>
 </body>
</html>
