1831 3168
298 589 342 618 «10

298 872 340 902 45

299 1155 342 1186 50

297 1438 339 1468 55

295 1721 338 1753 60

294 2005 335 2036 65

295 2289 336 2320 70

295 2572 335 2602 75

366 255 424 298 34
823 264 868 299 P.
895 263 1040 299 ov11>1
1066 261 1281 298 NASONIS

424 347 544 388 flecte
570 344 721 388 ratem!
759 359 981 386 numerum
1007 359 1092 385 non
1117 343 1244 385 habet
1269 344 1339 385 illa
1364 344 1518 386 suurn.²

368 404 472 445 haec
498 417 591 457 ego.
652 401 766 456 quod
791 402 884 442 voci
910 402 1072 450 deerat,
1098 402 1301 456 plangore
1326 402 1563 457 replebam:

425 460 601 500 verbera
626 473 722 500 cum
748 458 885 500 verbis
911 458 1045 499 mixta
1069 458 1187 499 fuere
1212 458 1328 499 meis.

369 516 402 556 si
427 530 510 557 non
536 515 722 565 audires,
748 522 796 556 ut
819 515 969 556 saltem
995 530 1164 556 cernere
1190 529 1348 570 posses,

424 573 600 614 iactatae
625 572 709 614 late
734 572 856 627 signa
881 572 1034 614 dedere
1059 587 1221 612 manus.

369 628 633 683 candidaque
657 629 823 684 inposui
849 629 1001 683 longae
1027 629 1237 685 velamina
1262 628 1421 684 virgae,

425 686 583 728 scilicet
606 685 757 727 oblitos
783 685 1049 727 admonitura
1074 685 1157 727 mei
1181 709 1238 715 —-

367 743 536 797 iamque
562 743 694 784 oculis
720 750 887 798 ereptus
914 758 1018 784 cras.
1079 750 1170 783 tum
1196 742 1377 796 denique
1403 742 1512 783 flevi.

425 807 670 855 torpuerant
693 800 841 841 molles
867 808 963 841 ante
989 799 1132 840 dolore
1157 815 1305 854 genae.

367 857 469 911 quid
494 857 632 912 potius
657 856 866 906 facerent,
892 871 1018 911 quam
1044 871 1111 897 mc
1137 871 1231 897 mea
1254 856 1414 896 lumina
1439 856 1602 908 flerent,

423 922 648 969 postquam
674 913 1002 955 desierantvela
1027 913 1169 954 videre
1194 914 1292 953 tua?

367 979 440 1012 aut
465 985 543 1025 ego
570 970 733 1012 diffusis
760 970 895 1012 erravi
921 970 1010 1011 sola
1034 970 1209 1024 capilliS‚

424 1028 559 1081 qualis
586 1027 639 1068 ab
666 1026 841 1083 Ogygio
867 1027 1031 1069 concita
1057 1026 1229 1067 Baccha
1254 1026 1353 1067 deo:

368 1092 440 1125 aut
464 1099 579 1125 mare
604 1084 865 1139 prospiciens
890 1084 933 1125 in
959 1097 1060 1125 saxo
1086 1083 1241 1137 frigida
1267 1082 1369 1132 sedi,

423 1155 636 1195 quamque
659 1141 766 1196 lapis
792 1141 934 1190 sedes,
960 1148 1047 1181 tam
1071 1140 1213 1195 lapis'
1204 1155 1295 1194 ipsa
1319 1139 1393 1180 fui.

368 1213 492 1252 saepe
518 1205 656 1239 torum
681 1204 846 1253 repeto,
872 1197 944 1251 qui
969 1212 1083 1238 nos
1071 1211 1258 1251 aceeper
1250 1204 1292 1237 rt
1317 1196 1479 1246 ambos,

422 1254 496 1296 sed
520 1269 605 1296 non
630 1262 826 1310 acceptos
852 1254 1114 1296 exhibiturus
1140 1261 1241 1301 erat,

366 1317 408 1352 et
432 1319 523 1360 tua,
549 1325 658 1365 quae
682 1325 875 1366 possum,
900 1325 977 1366 pro
1002 1318 1042 1352 te
1068 1311 1246 1365 vestigia
1271 1317 1399 1364 tango

424 1374 657 1422 strataque,
682 1382 791 1422 quae
817 1367 1017 1409 membris
1042 1367 1260 1422 intepuere
1286 1367 1381 1407 tuis.

365 1424 583 1473 incumbo,
608 1425 876 1478 lacrimisque
900 1432 992 1466 toro
1017 1434 1214 1465 manante
1239 1424 1423 1478 profusis

423 1481 689 1536 ‘pressimus'
716 1482 906 1523 exclamo
932 1486 992 1522 ‘te
1018 1481 1120 1521 duo:
1146 1481 1275 1522 redde
1301 1481 1419 1521 duos.

364 1539 557 1579 venimus
581 1538 665 1579 huc
690 1538 835 1579 ambo:
862 1553 936 1579 cur
960 1553 1045 1579 non
1071 1537 1325 1579 discedimus
1352 1536 1502 1577 ambo?

420 1594 601 1648 perfide,
627 1609 724 1649 pars
749 1595 902 1643 nostri,
928 1595 1100 1643 lectule,
1125 1595 1259 1635 maior
1283 1594 1357 1634 ubi
1383 1594 1488 1634 cst?

364 1651 466 1704 quid
490 1651 670 1692 faciam?
702 1665 786 1705 quo
812 1651 902 1692 sola
925 1651 1061 1693 ferar?
1098 1659 1222 1692 vacat
1245 1651 1384 1691 insula
1410 1650 1546 1700 cultu3

419 1722 504 1749 non
529 1707 748 1749 hominum
774 1708 915 1756 video,
942 1722 1026 1748 non
1052 1722 1131 1762 ego
1156 1708 1270 1748 facta
1294 1707 1438 1748 boum.

362 1779 485 1806 omne
510 1765 621 1806 latus
646 1772 782 1806 terrae
809 1765 940 1819 cingit
964 1780 1099 1813 mare3
1125 1764 1268 1805 navita
1292 1778 1516 1817 nusquam3

418 1822 536 1863 nulla
559 1837 634 1876 per
659 1822 881 1877 ambiguas
907 1821 1061 1876 puppis
1087 1822 1197 1862 itura
1222 1821 1324 1861 vias.

361 1878 474 1934 finge
500 1878 590 1919 dari
616 1878 875 1932 comitesque
900 1878 1003 1918 mihi
1030 1886 1262 1931 ventosque
1287 1885 1525 1930 ratemque:

419 1934 522 1989 quid
546 1935 724 1988 sequar?
760 1949 954 1976 accessus
979 1942 1090 1975 terra
1113 1942 1288 1989 paterna
1313 1943 1455 1988 negat.

361 1998 407 2032 ut
432 1998 521 2033 rate
545 1991 658 2033 felici
682 1999 832 2046 pacata
857 2006 932 2046 per
956 2005 1141 2044 aequora
1165 1991 1296 2039 labar,

418 2055 623 2103 temperet
647 2057 694 2088 ut
718 2056 866 2089 ventos
891 2048 1073 2089 Aeolus:
1101 2048 1197 2088 exul
1223 2047 1312 2088 ero!

362 2118 447 2146 non
473 2119 553 2159 ego
578 2111 638 2155 te,
666 2103 792 2146 Crete
818 2112 986 2146 centum
1013 2104 1176 2158 digesta
1200 2119 1275 2159 per
1299 2103 1440 2154 urbes,

419 2161 639 2216 aspiciam,
665 2175 796 2216 puero
823 2161 992 2217 cognita
1016 2168 1126 2202 terra
1150 2161 1256 2202 Iovi.

362 2224 405 2258 at
429 2225 548 2273 pater
572 2225 615 2260 et
638 2219 762 2260 tellus
786 2218 895 2259 iusto
920 2226 1097 2273 regnata
1121 2218 1286 2273 parenti

417 2275 584 2330 prodita
608 2282 705 2317 sunt
730 2275 863 2325 facto,
888 2275 1060 2316 nomina
1085 2290 1200 2324 cara,
1225 2289 1333 2323 meo,

363 2345 459 2372 cum
483 2331 578 2382 tibi,
603 2347 656 2374 ne
680 2332 815 2374 victor
839 2339 948 2374 tecto
973 2347 1183 2374 morerere
1207 2346 1398 2380 recurvo,

416 2402 526 2442 quae
550 2396 746 2445 regerent
768 2403 937 2444 passus,
962 2403 1038 2444 pro
1064 2389 1171 2430 duce
1195 2389 1267 2430 fila
1291 2389 1406 2430 dedi:

362 2458 458 2485 cum
485 2445 586 2486 mihi
612 2446 780 2488 dicebas
807 2450 901 2501 ‘per
925 2460 1006 2501 ego
1030 2445 1124 2500 ipsa
1148 2446 1336 2501 pericula
1359 2446 1465 2495 iuro,

417 2509 457 2543 te
482 2501 591 2553 fore,
618 2503 719 2544 dum
743 2511 934 2544 nostrum
959 2503 1075 2544 vivet
1098 2509 1295 2557 uterque,
1320 2502 1488 2544 meam.’

363 2557 564 2608 vivimus,
590 2567 632 2601 et
655 2574 741 2601 non
766 2575 881 2609 sum,
906 2559 1097 2609 Theseu,
1123 2566 1196 2600 tua
1219 2559 1275 2614 (si
1299 2560 1425 2601 modo
1450 2559 1591 2615 vivis),

417 2615 575 2656 femina
598 2617 755 2671 periuri
780 2617 929 2658 fraude
955 2617 1120 2672 sepulta
1145 2616 1236 2658 viri.

361 2685 426 2712 me
451 2685 637 2726 quoque,
664 2687 749 2727 qua
773 2673 964 2723 fratrem,
989 2680 1239 2723 mactasses,
1263 2673 1474 2728 improbe,
1501 2671 1640 2715 claval

417 2736 544 2777 esset,
571 2743 698 2782 quam
723 2730 918 2779 dedmas,
943 2737 1078 2772 morte
1104 2730 1242 2771 soluta
1265 2731 1382 2772 fides.

359 2799 471 2826 nunc
496 2799 574 2840 ego
600 2800 684 2827 non
708 2793 891 2837 tantum,
917 2801 1026 2841 quae
1051 2802 1146 2828 sum
1170 2802 1364 2842 passura,
1390 2786 1600 2837 recordor,
