1831 3168
491 249 762 287 IIEROIDUM
790 249 871 285 VII.
897 250 1067 284 82—109.

154 330 341 386 respergi
365 337 520 380 nostro,
547 346 691 386 sparsa
717 346 863 373 cruore
889 331 979 372 viri.

97 403 205 443 ponc
231 387 330 428 deos
356 395 396 428 et
421 401 529 441 quac
555 389 767 443 tangendo
795 402 912 429 sacra
938 388 1156 444 profanas:

154 458 237 484 non
264 444 370 485 bene
396 445 585 486 caelestis
612 445 739 500 impia
765 445 911 486 dextra
937 445 1045 486 colit.

98 500 131 541 si
158 509 203 541 tu
228 501 362 541 cultor
387 516 479 542 eras
505 501 656 556 elapsis
684 502 779 556 13116
805 502 984 550 futurus,

155 557 341 612 paenitet
366 558 529 612 elapsos
555 558 723 613 ignibus
750 573 840 599 6550
867 558 979 599 (1605.

97 613 272 654 forsitan
298 621 339 655 et
363 615 582 668 gravidam
609 614 772 663 Didon,
799 615 1019 663 scelerate,
1045 614 1269 668 relinquas,

153 684 335 725 parsque
361 671 422 711 tui
446 671 574 712 lateat
599 685 771 725 corpore
798 671 940 711 clausa
965 685 1070 712 meo.

97 727 269 768 accedet
294 726 390 767 fatis
416 727 558 767 matris
584 726 833 767 miserabilis
858 727 1010 774 infans,

155 791 194 824 et
219 783 404 824 nondum
430 783 515 823 nati
541 783 700 823 funeris
726 790 872 823 auctor
897 783 996 823 eris:

96 853 277 893 cumque
302 846 474 894 parente
500 854 576 880 sua
600 839 729 881 frater
754 839 954 880 morietur
978 839 1073 888 Iuli,

152 909 371 950 poenaque
398 910 578 937 conexos
604 896 764 937 auferet
790 911 875 936 una
900 896 1018 936 duos.

94 953 189 994 ‘sed
214 952 329 993 iubet
354 952 412 994 ire
439 952 568 994 deus.’
629 953 802 1001 vellem,
829 953 1029 993 vetuisset
1056 952 1183 1001 adire,

152 1009 317 1050 Punica
341 1024 419 1050 nec
444 1009 620 1051 Teucris
646 1024 791 1064 pressa
816 1009 961 1050 fuisset
989 1008 1154 1050 humus.

98 1066 178 1106 hoc
203 1065 309 1107 duce
335 1080 486 1121 nempe
513 1066 590 1107 deo
615 1066 750 1107 ventis
776 1066 947 1120 agitaris
974 1065 1126 1119 iniquis

153 1130 194 1163 et
218 1122 315 1163 teris
340 1123 382 1163 in
407 1123 553 1177 rapido
578 1130 767 1178 tempora
791 1123 919 1177 longa
944 1122 1077 1163 freto?

95 1178 307 1233 Pergama
334 1179 405 1220 vix
431 1187 546 1220 tanto
571 1179 647 1221 tibi
672 1186 790 1221 erant
814 1179 1041 1234 repetenda
1067 1179 1224 1228 labore,

153 1236 338 1277 Hectore
364 1236 396 1276 si
423 1236 540 1285 vivo,
567 1244 726 1290 quanta
751 1236 889 1284 fuere,
915 1235 1071 1277 forent!

95 1306 178 1332 non
203 1292 386 1347 patrium
413 1291 631 1334 Simo'e'nta
655 1293 783 1348 petis,
810 1293 884 1334 sed
909 1292 1137 1347 Thybridis
1163 1293 1313 1335 undas.

151 1363 321 1403 nempe,
347 1356 393 1390 ut
418 1350 640 1404 pervenias
666 1364 748 1404 quo
775 1349 913 1404 cupis,
940 1349 1092 1405 hospes
1120 1349 1213 1391 eris.

95 1413 225 1460 utque
250 1407 351 1447 latet
375 1405 563 1471 vitatque
589 1414 682 1447 tuas
709 1407 903 1447 abstrusa
929 1407 1104 1455 carinas,

152 1462 222 1503 vix
248 1462 324 1503 tibi
350 1463 563 1518 continget
588 1471 699 1505 terra
724 1464 856 1518 petita
881 1463 982 1504 seni.

96 1518 171 1559 1105
197 1519 335 1584 potius
360 1520 574 1574 populos'
564 1536 608 1561 111
634 1520 774 1561 (1016111
801 1520 980 1575 ambage
1006 1521 1180 1562 161111551

155 1576 296 1640 accipe
323 1584 361 1616 et
388 1577 585 1618 advectas
610 1576 708 1631 Pyg
682 1577 902 1617 omalionis
928 1592 1041 1631 opes.

98 1632 239 1673 Ilion
229 1648 272 1672 ln
296 1632 471 1687 Tyriam
496 1633 676 1674 transfer
700 1633 863 1674 felicius
888 1633 1036 1673 urbem

153 1689 346 1742 hancque
371 1689 462 1730 loco
488 1689 598 1744 regis
624 1698 873 1744 sceptraque
900 1704 1018 1730 sacra
1044 1698 1151 1731 tene.

97 1746 129 1785 si
157 1745 231 1785 tibi
255 1760 373 1786 mens
399 1746 523 1787 avida
549 1754 611 1787 est
637 1746 752 1795 belli,
779 1747 814 1786 si
840 1746 1003 1800 quaerit
1028 1746 1160 1794 Iulus,

152 1801 264 1843 unde
290 1816 366 1843 suo
390 1810 534 1857 partus
560 1810 692 1844 marte
718 1803 954 1857 triumphus
980 1812 1063 1843 eat:

95 1873 222 1912 quem
248 1866 432 1913 superet,
458 1859 615 1912 nequid
640 1859 766 1908 desit,
793 1859 1088 1914 praebebimus
1115 1859 1290 1900 hostem.

152 1915 219 1956 hic
243 1915 358 1969 pacis
383 1916 518 1970 leges,
544 1916 607 1956 his
632 1916 749 1957 locus
775 1930 892 1956 arma
917 1916 1041 1970 capit.

95 1982 141 2013 tu
165 1972 291 2013 modo
315 1996 372 2000 —
395 1987 470 2027 per
494 1979 671 2014 matrem
695 1972 966 2026 fraternaque
991 1973 1093 2021 tela,
1121 1973 1308 2027 sagittas,

151 2042 309 2084 pe1que
334 2028 463 2084 fugae
489 2029 682 2078 comites,
707 2029 912 2070 Dardana
939 2043 1078 2078 sacra,
1105 2029 1223 2070 deos!

95 2086 155 2126 sic
178 2092 395 2140 superent,
422 2100 712 2151 quoscumque
738 2093 811 2127 tua
837 2086 888 2127 de
913 2094 1039 2140 gente
1064 2098 1267 2140 re·poit1s,

152 2142 271 2183 Mars
296 2142 410 2184 ferus
436 2150 475 2184 et
501 2143 643 2183 damni
669 2143 719 2184 sit
744 2143 894 2183 modus
919 2143 987 2184 ille
1014 2143 1087 2191 tui,

97 2199 392 2253 Ascaniusque
418 2214 516 2240 suos
541 2199 718 2241 feliciter
741 2199 915 2254 impleat
940 2214 1085 2247 annos,

152 2263 192 2296 et
218 2256 328 2297 senis
353 2256 568 2297 Anchisae
593 2256 773 2298 molliter
798 2270 893 2297 ossa
919 2256 1093 2297 cubent!
1121 2280 1177 2284 —-

50 2333 52 2335 ·
96 2326 239 2366 parce,
265 2327 431 2367 precor,
458 2312 620 2362 domui,
647 2327 755 2366 quae
781 2328 825 2354 se
851 2313 927 2353 tibi
952 2313 1077 2353 tradit
1103 2312 1354 2353 habendam.

153 2369 267 2422 quod
292 2369 450 2410 crimen
476 2369 578 2410 dicis
603 2377 769 2424 praeter
795 2384 957 2410 amasse
982 2369 1151 2410 meum?

97 2439 181 2465 non
206 2439 284 2480 ego
311 2440 403 2466 sum
427 2424 584 2466 Phthia
609 2426 857 2480 magnisque
885 2426 1062 2466 oriunda
1087 2424 1297 2479 Mycenis,

155 2496 232 2522 1160
257 2488 460 2522 steterunt
483 2481 525 2522 in
550 2488 591 2523 te
617 2482 764 2535 virque
789 2490 992 2536 paterque
1018 2496 1149 2522 meus.

99 2538 132 2577 si
158 2537 287 2592 pudet
313 2537 475 2586 uxoris,
501 2552 585 2578 non
610 2546 761 2593 nupta,
787 2538 861 2579 sed
887 2538 1052 2593 hospita
1079 2538 1210 2579 dicar:

155 2595 255 2634 dum
281 2602 353 2635 tua
379 2594 429 2635 sit
456 2594 585 2643 Dido,
610 2594 828 2648 quodlibet
854 2610 943 2636 esse
969 2594 1088 2636 feret.

98 2659 197 2691 nota
222 2651 323 2691 1111111
350 2651 457 2692 freta
481 2659 579 2692 sunt
603 2651 760 2692 Afrum
785 2651 1023 2706 frangentia
1048 2651 1165 2693 litus:

155 2707 414 2762 temporibus
439 2708 561 2749 certis
588 2708 771 2762 dantque
798 2717 1038 2764 negantque
1064 2708 1188 2749 viam.

99 2778 192 2805 cum
221 2764 334 2806 dabit
361 2779 463 2805 aura
489 2765 620 2814 viam,
646 2765 867 2820 praebebis
895 2766 1069 2807 carbasa
1093 2765 1248 2815 ventis3

1411 241 1467 283 25

1494 573 1557 604 130

1493 853 1555 883 1372

1494 1137 1558 1167 140

1489 1420 1551 1450 145

1491 1703 1556 1734 150

1493 1987 1554 2017 155

1489 2271 1555 2301 160

1491 2552 1556 2582 165
