<?xml version="1.0" encoding="UTF-8"?>
<!DOCTYPE html PUBLIC "-//W3C//DTD XHTML 1.0 Transitional//EN"
    "http://www.w3.org/TR/xhtml1/DTD/xhtml1-transitional.dtd">
<html xmlns="http://www.w3.org/1999/xhtml" xml:lang="en" lang="en">
 <head>
  <title>
</title>
<meta http-equiv="Content-Type" content="text/html;charset=utf-8" />
  <meta name='ocr-system' content='tesseract 3.04.00' />
  <meta name='ocr-capabilities' content='ocr_page ocr_carea ocr_par ocr_line ocrx_word'/>
</head>
<body>
  <div class='ocr_page' id='page_1' title='image "./carminao01oviduoft_0174.png"; bbox 0 0 1831 3168; ppageno 0'>
   <div class='ocr_carea' id='block_1_1' title="bbox 326 186 1216 229">
    <p class='ocr_par' dir='ltr' id='par_1_1' title="bbox 326 186 1216 229">
     <span class='ocr_line' id='line_1_1' title="bbox 326 186 1216 229; baseline -0.001 -1"><span class='ocrx_word' id='word_1_1' title='bbox 326 186 408 229; x_wconf 80' lang='grc'>154</span> <span class='ocrx_word' id='word_1_2' title='bbox 758 194 801 229; x_wconf 88' lang='grc' dir='ltr'>Ρ.</span> <span class='ocrx_word' id='word_1_3' title='bbox 829 193 974 229; x_wconf 79' lang='lat' dir='ltr'>ovlm</span> <span class='ocrx_word' id='word_1_4' title='bbox 1000 192 1216 229; x_wconf 83' lang='lat' dir='ltr'>NASONIS</span> 
     </span>
    </p>
   </div>
   <div class='ocr_carea' id='block_1_2' title="bbox 222 275 1631 2782">
    <p class='ocr_par' dir='ltr' id='par_1_2' title="bbox 222 275 1631 2782">
     <span class='ocr_line' id='line_1_2' title="bbox 379 275 1313 325; baseline -0.004 -6"><span class='ocrx_word' id='word_1_5' title='bbox 379 278 431 319; x_wconf 89' lang='lat' dir='ltr'>sit</span> <span class='ocrx_word' id='word_1_6' title='bbox 458 292 596 325; x_wconf 87' lang='lat' dir='ltr'>coma,</span> <span class='ocrx_word' id='word_1_7' title='bbox 623 276 673 317; x_wconf 83' lang='lat' dir='ltr'>sit</span> <span class='ocrx_word' id='word_1_8' title='bbox 701 276 804 317; x_wconf 86' lang='lat' dir='ltr'>scita</span> <span class='ocrx_word' id='word_1_9' title='bbox 830 275 962 316; x_wconf 82' lang='lat' dir='ltr'>barba</span> <span class='ocrx_word' id='word_1_10' title='bbox 986 283 1148 317; x_wconf 85' lang='lat' dir='ltr'>resecta</span> <span class='ocrx_word' id='word_1_11' title='bbox 1172 289 1313 315; x_wconf 90' lang='lat' dir='ltr'>manu.</span> 
     </span>
     <span class='ocr_line' id='line_1_3' title="bbox 323 331 1439 386; baseline -0.003 -11"><span class='ocrx_word' id='word_1_12' title='bbox 323 345 360 376; x_wconf 80' lang='lat' dir='ltr'>et</span> <span class='ocrx_word' id='word_1_13' title='bbox 388 334 491 375; x_wconf 86' lang='lat' dir='ltr'>nihil</span> <span class='ocrx_word' id='word_1_14' title='bbox 517 333 729 375; x_wconf 86' lang='lat' dir='ltr'>emineant</span> <span class='ocrx_word' id='word_1_15' title='bbox 754 343 795 374; x_wconf 90' lang='lat' dir='ltr'>et</span> <span class='ocrx_word' id='word_1_16' title='bbox 820 333 901 374; x_wconf 88' lang='lat' dir='ltr'>sint</span> <span class='ocrx_word' id='word_1_17' title='bbox 927 332 1014 374; x_wconf 91' lang='lat' dir='ltr'>sine</span> <span class='ocrx_word' id='word_1_18' title='bbox 1041 331 1234 373; x_wconf 88' lang='lat' dir='ltr'>sordibus</span> <span class='ocrx_word' id='word_1_19' title='bbox 1260 346 1439 386; x_wconf 84' lang='lat' dir='ltr'>ungues,</span> 
     </span>
     <span class='ocr_line' id='line_1_4' title="bbox 231 388 1284 444; baseline -0.004 -11"><span class='ocrx_word' id='word_1_20' title='bbox 231 406 296 435; x_wconf 68' lang='lat'>520</span> <span class='ocrx_word' id='word_1_21' title='bbox 381 392 507 444; x_wconf 90' lang='lat' dir='ltr'>inque</span> <span class='ocrx_word' id='word_1_22' title='bbox 534 405 638 431; x_wconf 84' lang='lat' dir='ltr'>cava</span> <span class='ocrx_word' id='word_1_23' title='bbox 663 389 802 430; x_wconf 84' lang='lat' dir='ltr'>nullus</span> <span class='ocrx_word' id='word_1_24' title='bbox 828 398 907 430; x_wconf 91' lang='lat' dir='ltr'>stet</span> <span class='ocrx_word' id='word_1_25' title='bbox 935 389 1011 430; x_wconf 84' lang='lat' dir='ltr'>tibi</span> <span class='ocrx_word' id='word_1_26' title='bbox 1036 404 1136 431; x_wconf 87' lang='lat' dir='ltr'>nare</span> <span class='ocrx_word' id='word_1_27' title='bbox 1161 388 1284 444; x_wconf 86' lang='lat' dir='ltr'>pilus.</span> 
     </span>
     <span class='ocr_line' id='line_1_5' title="bbox 322 445 1309 494; baseline -0.002 -6"><span class='ocrx_word' id='word_1_28' title='bbox 322 463 397 490; x_wconf 87' lang='lat' dir='ltr'>nee</span> <span class='ocrx_word' id='word_1_29' title='bbox 423 448 531 489; x_wconf 88' lang='lat' dir='ltr'>male</span> <span class='ocrx_word' id='word_1_30' title='bbox 558 447 720 488; x_wconf 89' lang='lat' dir='ltr'>odorati</span> <span class='ocrx_word' id='word_1_31' title='bbox 747 446 796 488; x_wconf 91' lang='lat' dir='ltr'>sit</span> <span class='ocrx_word' id='word_1_32' title='bbox 824 446 951 488; x_wconf 82' lang='lat' dir='ltr'>tristis</span> <span class='ocrx_word' id='word_1_33' title='bbox 977 445 1186 488; x_wconf 84' lang='lat' dir='ltr'>anhelitus</span> <span class='ocrx_word' id='word_1_34' title='bbox 1213 445 1309 494; x_wconf 87' lang='lat' dir='ltr'>oris,</span> 
     </span>
     <span class='ocr_line' id='line_1_6' title="bbox 378 502 1342 558; baseline -0.002 -13"><span class='ocrx_word' id='word_1_35' title='bbox 378 518 455 546; x_wconf 89' lang='lat' dir='ltr'>nee</span> <span class='ocrx_word' id='word_1_36' title='bbox 480 504 617 545; x_wconf 86' lang='lat' dir='ltr'>laedat</span> <span class='ocrx_word' id='word_1_37' title='bbox 645 503 756 545; x_wconf 89' lang='lat' dir='ltr'>naris</span> <span class='ocrx_word' id='word_1_38' title='bbox 782 503 931 557; x_wconf 73' lang='lat' dir='ltr'>virque</span> <span class='ocrx_word' id='word_1_39' title='bbox 957 512 1161 558; x_wconf 89' lang='lat' dir='ltr'>paterque</span> <span class='ocrx_word' id='word_1_40' title='bbox 1186 502 1342 557; x_wconf 81' lang='lat' dir='ltr'>gregis.</span> 
     </span>
     <span class='ocr_line' id='line_1_7' title="bbox 321 559 1334 614; baseline -0.002 -12"><span class='ocrx_word' id='word_1_41' title='bbox 321 569 486 603; x_wconf 82' lang='lat' dir='ltr'>caetera</span> <span class='ocrx_word' id='word_1_42' title='bbox 510 561 693 602; x_wconf 85' lang='lat' dir='ltr'>lascivae</span> <span class='ocrx_word' id='word_1_43' title='bbox 719 560 896 609; x_wconf 83' lang='lat' dir='ltr'>faciant,</span> <span class='ocrx_word' id='word_1_44' title='bbox 923 560 1126 608; x_wconf 87' lang='lat' dir='ltr'>concede,</span> <span class='ocrx_word' id='word_1_45' title='bbox 1153 559 1334 614; x_wconf 86' lang='lat' dir='ltr'>puellae,</span> 
     </span>
     <span class='ocr_line' id='line_1_8' title="bbox 377 617 1420 671; baseline -0.003 -11"><span class='ocrx_word' id='word_1_46' title='bbox 377 627 416 660; x_wconf 90' lang='lat' dir='ltr'>et</span> <span class='ocrx_word' id='word_1_47' title='bbox 442 618 572 671; x_wconf 88' lang='lat' dir='ltr'>siquis</span> <span class='ocrx_word' id='word_1_48' title='bbox 599 618 707 659; x_wconf 89' lang='lat' dir='ltr'>male</span> <span class='ocrx_word' id='word_1_49' title='bbox 734 618 795 658; x_wconf 73' lang='lat' dir='ltr'>vir</span> <span class='ocrx_word' id='word_1_50' title='bbox 820 617 983 670; x_wconf 85' lang='lat' dir='ltr'>quaerit</span> <span class='ocrx_word' id='word_1_51' title='bbox 1008 617 1163 658; x_wconf 88' lang='lat' dir='ltr'>habere</span> <span class='ocrx_word' id='word_1_52' title='bbox 1189 617 1338 658; x_wconf 85' lang='lat' dir='ltr'>virum.</span> <span class='ocrx_word' id='word_1_53' title='bbox 1364 640 1420 645; x_wconf 94' lang='lat'><strong>—</strong></span> 
     </span>
     <span class='ocr_line' id='line_1_9' title="bbox 229 674 1603 728; baseline -0.003 -9"><span class='ocrx_word' id='word_1_54' title='bbox 229 690 294 720; x_wconf 79' lang='lat'>525</span> <span class='ocrx_word' id='word_1_55' title='bbox 321 690 437 723; x_wconf 89' lang='lat' dir='ltr'>ecee,</span> <span class='ocrx_word' id='word_1_56' title='bbox 464 690 588 716; x_wconf 84' lang='lat' dir='ltr'>suum</span> <span class='ocrx_word' id='word_1_57' title='bbox 614 683 753 716; x_wconf 87' lang='lat' dir='ltr'>vatem</span> <span class='ocrx_word' id='word_1_58' title='bbox 780 674 912 716; x_wconf 85' lang='lat' dir='ltr'>Liber</span> <span class='ocrx_word' id='word_1_59' title='bbox 937 682 1072 715; x_wconf 89' lang='lat' dir='ltr'>vocat.</span> <span class='ocrx_word' id='word_1_60' title='bbox 1134 674 1201 715; x_wconf 90' lang='lat' dir='ltr'>hie</span> <span class='ocrx_word' id='word_1_61' title='bbox 1227 688 1395 728; x_wconf 87' lang='lat' dir='ltr'>quoque</span> <span class='ocrx_word' id='word_1_62' title='bbox 1422 674 1603 716; x_wconf 80' lang='lat' dir='ltr'>amantis-</span> 
     </span>
     <span class='ocr_line' id='line_1_10' title="bbox 379 731 1382 786; baseline -0.002 -13"><span class='ocrx_word' id='word_1_63' title='bbox 379 732 550 773; x_wconf 85' lang='lat' dir='ltr'>adiuvat</span> <span class='ocrx_word' id='word_1_64' title='bbox 577 740 617 773; x_wconf 88' lang='lat' dir='ltr'>et</span> <span class='ocrx_word' id='word_1_65' title='bbox 641 732 857 781; x_wconf 82' lang='lat' dir='ltr'>flammae,</span> <span class='ocrx_word' id='word_1_66' title='bbox 883 746 968 785; x_wconf 90' lang='lat' dir='ltr'>qua</span> <span class='ocrx_word' id='word_1_67' title='bbox 994 731 1101 773; x_wconf 92' lang='lat' dir='ltr'>calet</span> <span class='ocrx_word' id='word_1_68' title='bbox 1126 731 1230 786; x_wconf 81' lang='lat' dir='ltr'>ipse,</span> <span class='ocrx_word' id='word_1_69' title='bbox 1257 731 1382 773; x_wconf 79' lang='lat' dir='ltr'>favet.</span> 
     </span>
     <span class='ocr_line' id='line_1_11' title="bbox 324 788 1298 843; baseline -0.003 -12"><span class='ocrx_word' id='word_1_70' title='bbox 324 788 482 831; x_wconf 78' lang='lat' dir='ltr'>Gnosis</span> <span class='ocrx_word' id='word_1_71' title='bbox 507 789 549 829; x_wconf 92' lang='lat' dir='ltr'>in</span> <span class='ocrx_word' id='word_1_72' title='bbox 575 788 729 843; x_wconf 78' lang='lat' dir='ltr'>ignotis</span> <span class='ocrx_word' id='word_1_73' title='bbox 755 803 898 830; x_wconf 85' lang='lat' dir='ltr'>amens</span> <span class='ocrx_word' id='word_1_74' title='bbox 925 788 1091 830; x_wconf 87' lang='lat' dir='ltr'>errabat</span> <span class='ocrx_word' id='word_1_75' title='bbox 1117 788 1298 837; x_wconf 85' lang='lat' dir='ltr'>harenis,</span> 
     </span>
     <span class='ocr_line' id='line_1_12' title="bbox 379 844 1316 900; baseline 0.002 -17"><span class='ocrx_word' id='word_1_76' title='bbox 379 861 463 900; x_wconf 83' lang='lat' dir='ltr'>qua</span> <span class='ocrx_word' id='word_1_77' title='bbox 490 846 627 887; x_wconf 71' lang='lat' dir='ltr'>brevis</span> <span class='ocrx_word' id='word_1_78' title='bbox 654 846 872 899; x_wconf 81' lang='lat' dir='ltr'>aequoreis</span> <span class='ocrx_word' id='word_1_79' title='bbox 899 844 984 886; x_wconf 86' lang='lat' dir='ltr'>Dia</span> <span class='ocrx_word' id='word_1_80' title='bbox 1009 845 1158 886; x_wconf 87' lang='lat' dir='ltr'>feritur</span> <span class='ocrx_word' id='word_1_81' title='bbox 1183 845 1316 899; x_wconf 87' lang='lat' dir='ltr'>aquis.</span> 
     </span>
     <span class='ocr_line' id='line_1_13' title="bbox 320 902 1342 957; baseline -0.001 -13"><span class='ocrx_word' id='word_1_82' title='bbox 320 912 450 957; x_wconf 88' lang='lat' dir='ltr'>utque</span> <span class='ocrx_word' id='word_1_83' title='bbox 478 911 566 944; x_wconf 85' lang='lat' dir='ltr'>erat</span> <span class='ocrx_word' id='word_1_84' title='bbox 592 918 613 944; x_wconf 94' lang='lat' dir='ltr'>e</span> <span class='ocrx_word' id='word_1_85' title='bbox 640 917 787 943; x_wconf 90' lang='lat' dir='ltr'>somno</span> <span class='ocrx_word' id='word_1_86' title='bbox 814 902 956 943; x_wconf 89' lang='lat' dir='ltr'>tunica</span> <span class='ocrx_word' id='word_1_87' title='bbox 982 902 1120 944; x_wconf 84' lang='lat' dir='ltr'>velata</span> <span class='ocrx_word' id='word_1_88' title='bbox 1144 902 1342 951; x_wconf 81' lang='lat' dir='ltr'>recincta,</span> 
     </span>
     <span class='ocr_line' id='line_1_14' title="bbox 230 960 1315 1015; baseline -0.004 -11"><span class='ocrx_word' id='word_1_89' title='bbox 230 974 295 1004; x_wconf 79' lang='lat'>530</span> <span class='ocrx_word' id='word_1_90' title='bbox 378 960 493 1001; x_wconf 86' lang='lat' dir='ltr'>nuda</span> <span class='ocrx_word' id='word_1_91' title='bbox 518 960 689 1014; x_wconf 87' lang='lat' dir='ltr'>pedem,</span> <span class='ocrx_word' id='word_1_92' title='bbox 716 973 885 1001; x_wconf 88' lang='lat' dir='ltr'>croceas</span> <span class='ocrx_word' id='word_1_93' title='bbox 910 960 1134 1015; x_wconf 82' lang='lat' dir='ltr'>inreligata</span> <span class='ocrx_word' id='word_1_94' title='bbox 1159 974 1315 1008; x_wconf 84' lang='lat' dir='ltr'>comas,</span> 
     </span>
     <span class='ocr_line' id='line_1_15' title="bbox 322 1015 1390 1065; baseline -0.001 -7"><span class='ocrx_word' id='word_1_95' title='bbox 322 1017 488 1058; x_wconf 84' lang='lat' dir='ltr'>Thesea</span> <span class='ocrx_word' id='word_1_96' title='bbox 514 1016 725 1059; x_wconf 84' lang='lat' dir='ltr'>crudelem</span> <span class='ocrx_word' id='word_1_97' title='bbox 752 1017 899 1058; x_wconf 84' lang='lat' dir='ltr'>surdas</span> <span class='ocrx_word' id='word_1_98' title='bbox 926 1016 1136 1058; x_wconf 87' lang='lat' dir='ltr'>clamabat</span> <span class='ocrx_word' id='word_1_99' title='bbox 1162 1016 1215 1058; x_wconf 83' lang='lat' dir='ltr'>ad</span> <span class='ocrx_word' id='word_1_100' title='bbox 1240 1015 1390 1065; x_wconf 88' lang='lat' dir='ltr'>undas,</span> 
     </span>
     <span class='ocr_line' id='line_1_16' title="bbox 377 1074 1258 1129; baseline -0.002 -14"><span class='ocrx_word' id='word_1_101' title='bbox 377 1074 551 1129; x_wconf 82' lang='lat' dir='ltr'>indigno</span> <span class='ocrx_word' id='word_1_102' title='bbox 577 1082 741 1115; x_wconf 87' lang='lat' dir='ltr'>teneras</span> <span class='ocrx_word' id='word_1_103' title='bbox 766 1074 900 1115; x_wconf 85' lang='lat' dir='ltr'>imbre</span> <span class='ocrx_word' id='word_1_104' title='bbox 926 1074 1089 1129; x_wconf 78' lang='lat' dir='ltr'>rigante</span> <span class='ocrx_word' id='word_1_105' title='bbox 1114 1089 1258 1129; x_wconf 82' lang='lat' dir='ltr'>genas.</span> 
     </span>
     <span class='ocr_line' id='line_1_17' title="bbox 322 1129 1539 1184; baseline -0.001 -13"><span class='ocrx_word' id='word_1_106' title='bbox 322 1131 530 1172; x_wconf 86' lang='lat' dir='ltr'>clamabat</span> <span class='ocrx_word' id='word_1_107' title='bbox 556 1130 767 1184; x_wconf 85' lang='lat' dir='ltr'>flebatque</span> <span class='ocrx_word' id='word_1_108' title='bbox 794 1131 930 1171; x_wconf 87' lang='lat' dir='ltr'>simul.</span> <span class='ocrx_word' id='word_1_109' title='bbox 993 1131 1066 1172; x_wconf 87' lang='lat' dir='ltr'>sed</span> <span class='ocrx_word' id='word_1_110' title='bbox 1091 1139 1317 1183; x_wconf 88' lang='lat' dir='ltr'>utrumque</span> <span class='ocrx_word' id='word_1_111' title='bbox 1343 1129 1539 1180; x_wconf 83' lang='lat' dir='ltr'>decebat3</span> 
     </span>
     <span class='ocr_line' id='line_1_18' title="bbox 379 1187 1304 1242; baseline -0.001 -14"><span class='ocrx_word' id='word_1_112' title='bbox 379 1202 462 1229; x_wconf 88' lang='lat' dir='ltr'>non</span> <span class='ocrx_word' id='word_1_113' title='bbox 488 1187 601 1229; x_wconf 87' lang='lat' dir='ltr'>faeta</span> <span class='ocrx_word' id='word_1_114' title='bbox 626 1197 686 1229; x_wconf 84' lang='lat' dir='ltr'>est</span> <span class='ocrx_word' id='word_1_115' title='bbox 712 1187 893 1228; x_wconf 81' lang='lat' dir='ltr'>lacrimis</span> <span class='ocrx_word' id='word_1_116' title='bbox 923 1187 1084 1242; x_wconf 84' lang='lat' dir='ltr'>turpior</span> <span class='ocrx_word' id='word_1_117' title='bbox 1108 1188 1180 1229; x_wconf 86' lang='lat' dir='ltr'>illa</span> <span class='ocrx_word' id='word_1_118' title='bbox 1205 1187 1304 1228; x_wconf 87' lang='lat' dir='ltr'>suis.</span> 
     </span>
     <span class='ocr_line' id='line_1_19' title="bbox 230 1243 1514 1299; baseline -0.002 -12"><span class='ocrx_word' id='word_1_119' title='bbox 230 1256 294 1287; x_wconf 82' lang='lat'>535</span> <span class='ocrx_word' id='word_1_120' title='bbox 320 1244 489 1298; x_wconf 87' lang='lat' dir='ltr'>iamque</span> <span class='ocrx_word' id='word_1_121' title='bbox 514 1244 665 1286; x_wconf 88' lang='lat' dir='ltr'>iterum</span> <span class='ocrx_word' id='word_1_122' title='bbox 691 1244 871 1285; x_wconf 87' lang='lat' dir='ltr'>tundens</span> <span class='ocrx_word' id='word_1_123' title='bbox 897 1244 1143 1285; x_wconf 88' lang='lat' dir='ltr'>mollissima</span> <span class='ocrx_word' id='word_1_124' title='bbox 1167 1252 1339 1299; x_wconf 84' lang='lat' dir='ltr'>pectora</span> <span class='ocrx_word' id='word_1_125' title='bbox 1363 1243 1514 1299; x_wconf 85' lang='lat' dir='ltr'>palmis</span> 
     </span>
     <span class='ocr_line' id='line_1_20' title="bbox 379 1301 1344 1356; baseline 0 -15"><span class='ocrx_word' id='word_1_126' title='bbox 379 1301 583 1356; x_wconf 88' lang='lat' dir='ltr'>‘perfidus</span> <span class='ocrx_word' id='word_1_127' title='bbox 608 1301 676 1342; x_wconf 94' lang='lat' dir='ltr'>ille</span> <span class='ocrx_word' id='word_1_128' title='bbox 703 1301 817 1342; x_wconf 86' lang='lat' dir='ltr'>abiit.</span> <span class='ocrx_word' id='word_1_129' title='bbox 879 1301 981 1355; x_wconf 90' lang='lat' dir='ltr'>quid</span> <span class='ocrx_word' id='word_1_130' title='bbox 1006 1301 1107 1341; x_wconf 92' lang='lat' dir='ltr'>mihi</span> <span class='ocrx_word' id='word_1_131' title='bbox 1132 1301 1246 1342; x_wconf 80' lang='lat' dir='ltr'>fiet?’</span> <span class='ocrx_word' id='word_1_132' title='bbox 1274 1301 1344 1342; x_wconf 87' lang='lat' dir='ltr'>ait.</span> 
     </span>
     <span class='ocr_line' id='line_1_21' title="bbox 322 1357 1434 1412; baseline 0 -14"><span class='ocrx_word' id='word_1_133' title='bbox 322 1357 444 1412; x_wconf 86' lang='lat' dir='ltr'>‘quid</span> <span class='ocrx_word' id='word_1_134' title='bbox 468 1357 571 1399; x_wconf 88' lang='lat' dir='ltr'>mihi</span> <span class='ocrx_word' id='word_1_135' title='bbox 598 1358 709 1399; x_wconf 56' lang='lat' dir='ltr'>fiet?</span> <span class='ocrx_word' id='word_1_136' title='bbox 738 1358 806 1398; x_wconf 89' lang='lat' dir='ltr'>ait.</span> <span class='ocrx_word' id='word_1_137' title='bbox 869 1366 1098 1399; x_wconf 89' lang='lat' dir='ltr'>sonuerunt</span> <span class='ocrx_word' id='word_1_138' title='bbox 1125 1358 1321 1412; x_wconf 86' lang='lat' dir='ltr'>cymbala</span> <span class='ocrx_word' id='word_1_139' title='bbox 1346 1364 1434 1399; x_wconf 89' lang='lat' dir='ltr'>toto</span> 
     </span>
     <span class='ocr_line' id='line_1_22' title="bbox 377 1414 1314 1470; baseline 0 -15"><span class='ocrx_word' id='word_1_140' title='bbox 377 1414 496 1456; x_wconf 89' lang='lat' dir='ltr'>litore</span> <span class='ocrx_word' id='word_1_141' title='bbox 522 1423 562 1456; x_wconf 87' lang='lat' dir='ltr'>et</span> <span class='ocrx_word' id='word_1_142' title='bbox 587 1414 774 1455; x_wconf 84' lang='lat' dir='ltr'>adtonita</span> <span class='ocrx_word' id='word_1_143' title='bbox 799 1422 1002 1469; x_wconf 85' lang='lat' dir='ltr'>tympana</span> <span class='ocrx_word' id='word_1_144' title='bbox 1026 1415 1148 1470; x_wconf 87' lang='lat' dir='ltr'>pulsa</span> <span class='ocrx_word' id='word_1_145' title='bbox 1172 1430 1314 1456; x_wconf 87' lang='lat' dir='ltr'>manu.</span> 
     </span>
     <span class='ocr_line' id='line_1_23' title="bbox 321 1471 1362 1526; baseline -0.001 -13"><span class='ocrx_word' id='word_1_146' title='bbox 321 1471 478 1513; x_wconf 79' lang='lat' dir='ltr'>excidit</span> <span class='ocrx_word' id='word_1_147' title='bbox 500 1471 573 1517; x_wconf 74' lang='lat' dir='ltr'>illa</span> <span class='ocrx_word' id='word_1_148' title='bbox 598 1479 712 1513; x_wconf 85' lang='lat' dir='ltr'>metu</span> <span class='ocrx_word' id='word_1_149' title='bbox 737 1471 935 1526; x_wconf 84' lang='lat' dir='ltr'>rupitque</span> <span class='ocrx_word' id='word_1_150' title='bbox 960 1471 1190 1512; x_wconf 85' lang='lat' dir='ltr'>novissima</span> <span class='ocrx_word' id='word_1_151' title='bbox 1214 1471 1362 1513; x_wconf 89' lang='lat' dir='ltr'>verba:</span> 
     </span>
     <span class='ocr_line' id='line_1_24' title="bbox 229 1528 1320 1584; baseline -0.002 -12"><span class='ocrx_word' id='word_1_152' title='bbox 229 1541 294 1572; x_wconf 74' lang='lat'>540</span> <span class='ocrx_word' id='word_1_153' title='bbox 377 1528 517 1569; x_wconf 87' lang='lat' dir='ltr'>nullus</span> <span class='ocrx_word' id='word_1_154' title='bbox 542 1528 584 1569; x_wconf 89' lang='lat' dir='ltr'>in</span> <span class='ocrx_word' id='word_1_155' title='bbox 612 1528 794 1569; x_wconf 78' lang='lat' dir='ltr'>exanimi</span> <span class='ocrx_word' id='word_1_156' title='bbox 821 1543 995 1584; x_wconf 87' lang='lat' dir='ltr'>corpore</span> <span class='ocrx_word' id='word_1_157' title='bbox 1021 1529 1193 1584; x_wconf 82' lang='lat' dir='ltr'>sanguis</span> <span class='ocrx_word' id='word_1_158' title='bbox 1220 1537 1320 1570; x_wconf 87' lang='lat' dir='ltr'>erat.</span> 
     </span>
     <span class='ocr_line' id='line_1_25' title="bbox 321 1585 1354 1642; baseline -0.001 -15"><span class='ocrx_word' id='word_1_159' title='bbox 321 1599 418 1627; x_wconf 89' lang='lat' dir='ltr'>ecee</span> <span class='ocrx_word' id='word_1_160' title='bbox 442 1585 758 1627; x_wconf 59' lang='lat' dir='ltr'>Elimallonides</span> <span class='ocrx_word' id='word_1_161' title='bbox 785 1585 941 1641; x_wconf 81' lang='lat' dir='ltr'>sparsis</span> <span class='ocrx_word' id='word_1_162' title='bbox 967 1586 1010 1626; x_wconf 91' lang='lat' dir='ltr'>in</span> <span class='ocrx_word' id='word_1_163' title='bbox 1036 1593 1156 1642; x_wconf 82' lang='lat' dir='ltr'>terga</span> <span class='ocrx_word' id='word_1_164' title='bbox 1181 1585 1354 1640; x_wconf 83' lang='lat' dir='ltr'>capillis,</span> 
     </span>
     <span class='ocr_line' id='line_1_26' title="bbox 378 1641 1257 1698; baseline 0 -14"><span class='ocrx_word' id='word_1_165' title='bbox 378 1656 475 1684; x_wconf 88' lang='lat' dir='ltr'>ecee</span> <span class='ocrx_word' id='word_1_166' title='bbox 499 1643 614 1684; x_wconf 91' lang='lat' dir='ltr'>leves</span> <span class='ocrx_word' id='word_1_167' title='bbox 641 1641 803 1698; x_wconf 86' lang='lat' dir='ltr'>Satyri,</span> <span class='ocrx_word' id='word_1_168' title='bbox 830 1643 1002 1698; x_wconf 85' lang='lat' dir='ltr'>praevia</span> <span class='ocrx_word' id='word_1_169' title='bbox 1029 1643 1152 1684; x_wconf 88' lang='lat' dir='ltr'>turba</span> <span class='ocrx_word' id='word_1_170' title='bbox 1177 1643 1257 1692; x_wconf 89' lang='lat' dir='ltr'>dei,</span> 
     </span>
     <span class='ocr_line' id='line_1_27' title="bbox 321 1699 1274 1755; baseline 0 -14"><span class='ocrx_word' id='word_1_171' title='bbox 321 1699 460 1741; x_wconf 88' lang='lat' dir='ltr'>ebrius</span> <span class='ocrx_word' id='word_1_172' title='bbox 487 1714 584 1741; x_wconf 91' lang='lat' dir='ltr'>eece</span> <span class='ocrx_word' id='word_1_173' title='bbox 610 1715 738 1741; x_wconf 82' lang='lat' dir='ltr'>senex</span> <span class='ocrx_word' id='word_1_174' title='bbox 763 1700 903 1755; x_wconf 87' lang='lat' dir='ltr'>pando</span> <span class='ocrx_word' id='word_1_175' title='bbox 931 1699 1100 1742; x_wconf 84' lang='lat' dir='ltr'>Silenus</span> <span class='ocrx_word' id='word_1_176' title='bbox 1127 1699 1274 1741; x_wconf 75' lang='lat' dir='ltr'>asello!</span> 
     </span>
     <span class='ocr_line' id='line_1_28' title="bbox 378 1756 1343 1812; baseline 0.002 -16"><span class='ocrx_word' id='word_1_177' title='bbox 378 1756 448 1797; x_wconf 85' lang='lat' dir='ltr'>vix</span> <span class='ocrx_word' id='word_1_178' title='bbox 474 1756 591 1798; x_wconf 87' lang='lat' dir='ltr'>sedet</span> <span class='ocrx_word' id='word_1_179' title='bbox 617 1765 657 1798; x_wconf 88' lang='lat' dir='ltr'>et</span> <span class='ocrx_word' id='word_1_180' title='bbox 682 1772 848 1812; x_wconf 87' lang='lat' dir='ltr'>pressas</span> <span class='ocrx_word' id='word_1_181' title='bbox 875 1757 1060 1799; x_wconf 85' lang='lat' dir='ltr'>eontinet</span> <span class='ocrx_word' id='word_1_182' title='bbox 1086 1765 1182 1799; x_wconf 85' lang='lat' dir='ltr'>ante</span> <span class='ocrx_word' id='word_1_183' title='bbox 1207 1756 1343 1798; x_wconf 88' lang='lat' dir='ltr'>iubas.</span> 
     </span>
     <span class='ocr_line' id='line_1_29' title="bbox 227 1813 1629 1869; baseline -0.001 -13"><span class='ocrx_word' id='word_1_184' title='bbox 227 1826 292 1856; x_wconf 76' lang='grc'>545</span> <span class='ocrx_word' id='word_1_185' title='bbox 320 1813 421 1854; x_wconf 92' lang='lat' dir='ltr'>dum</span> <span class='ocrx_word' id='word_1_186' title='bbox 447 1814 635 1867; x_wconf 89' lang='lat' dir='ltr'>sequitur</span> <span class='ocrx_word' id='word_1_187' title='bbox 658 1814 861 1863; x_wconf 84' lang='lat' dir='ltr'>bacchas,</span> <span class='ocrx_word' id='word_1_188' title='bbox 887 1814 1073 1856; x_wconf 83' lang='lat' dir='ltr'>bacchae</span> <span class='ocrx_word' id='word_1_189' title='bbox 1098 1814 1354 1869; x_wconf 83' lang='lat' dir='ltr'>fugiuntque</span> <span class='ocrx_word' id='word_1_190' title='bbox 1379 1820 1629 1868; x_wconf 87' lang='lat' dir='ltr'>petuntque,</span> 
     </span>
     <span class='ocr_line' id='line_1_30' title="bbox 377 1870 1449 1924; baseline 0.001 -14"><span class='ocrx_word' id='word_1_191' title='bbox 377 1870 695 1924; x_wconf 80' lang='lat' dir='ltr'>quadrupedem</span> <span class='ocrx_word' id='word_1_192' title='bbox 721 1871 857 1912; x_wconf 87' lang='lat' dir='ltr'>ferula</span> <span class='ocrx_word' id='word_1_193' title='bbox 883 1871 984 1912; x_wconf 90' lang='lat' dir='ltr'>dum</span> <span class='ocrx_word' id='word_1_194' title='bbox 1008 1871 1119 1912; x_wconf 88' lang='lat' dir='ltr'>male</span> <span class='ocrx_word' id='word_1_195' title='bbox 1145 1871 1281 1912; x_wconf 86' lang='lat' dir='ltr'>caedit</span> <span class='ocrx_word' id='word_1_196' title='bbox 1306 1884 1449 1924; x_wconf 88' lang='lat' dir='ltr'>eques,</span> 
     </span>
     <span class='ocr_line' id='line_1_31' title="bbox 317 1927 1246 1983; baseline 0.001 -17"><span class='ocrx_word' id='word_1_197' title='bbox 317 1927 361 1967; x_wconf 88' lang='lat' dir='ltr'>in</span> <span class='ocrx_word' id='word_1_198' title='bbox 387 1939 514 1981; x_wconf 87' lang='lat' dir='ltr'>eaput</span> <span class='ocrx_word' id='word_1_199' title='bbox 539 1927 673 1967; x_wconf 87' lang='lat' dir='ltr'>aurito</span> <span class='ocrx_word' id='word_1_200' title='bbox 700 1927 850 1968; x_wconf 83' lang='lat' dir='ltr'>cecidit</span> <span class='ocrx_word' id='word_1_201' title='bbox 875 1928 1072 1983; x_wconf 89' lang='lat' dir='ltr'>delapsus</span> <span class='ocrx_word' id='word_1_202' title='bbox 1099 1928 1246 1969; x_wconf 86' lang='lat' dir='ltr'>asello:</span> 
     </span>
     <span class='ocr_line' id='line_1_32' title="bbox 377 1983 1420 2040; baseline 0 -16"><span class='ocrx_word' id='word_1_203' title='bbox 377 1984 611 2024; x_wconf 84' lang='lat' dir='ltr'>clamarunt</span> <span class='ocrx_word' id='word_1_204' title='bbox 637 1983 780 2038; x_wconf 85' lang='lat' dir='ltr'>Satyri</span> <span class='ocrx_word' id='word_1_205' title='bbox 806 1988 952 2039; x_wconf 82' lang='lat' dir='ltr'>‘surge</span> <span class='ocrx_word' id='word_1_206' title='bbox 978 2000 1076 2040; x_wconf 84' lang='lat' dir='ltr'>age,</span> <span class='ocrx_word' id='word_1_207' title='bbox 1104 1999 1249 2039; x_wconf 82' lang='lat' dir='ltr'>surge,</span> <span class='ocrx_word' id='word_1_208' title='bbox 1275 1983 1420 2039; x_wconf 55' lang='lat' dir='ltr'>pater?</span> 
     </span>
     <span class='ocr_line' id='line_1_33' title="bbox 317 2040 1479 2095; baseline 0 -14"><span class='ocrx_word' id='word_1_209' title='bbox 317 2041 401 2081; x_wconf 89' lang='lat' dir='ltr'>iam</span> <span class='ocrx_word' id='word_1_210' title='bbox 428 2040 531 2081; x_wconf 87' lang='lat' dir='ltr'>deus</span> <span class='ocrx_word' id='word_1_211' title='bbox 556 2040 599 2081; x_wconf 85' lang='lat' dir='ltr'>in</span> <span class='ocrx_word' id='word_1_212' title='bbox 625 2056 769 2089; x_wconf 90' lang='lat' dir='ltr'>curru,</span> <span class='ocrx_word' id='word_1_213' title='bbox 796 2056 921 2095; x_wconf 89' lang='lat' dir='ltr'>quem</span> <span class='ocrx_word' id='word_1_214' title='bbox 947 2057 1160 2083; x_wconf 90' lang='lat' dir='ltr'>summum</span> <span class='ocrx_word' id='word_1_215' title='bbox 1186 2050 1347 2083; x_wconf 80' lang='lat' dir='ltr'>texerat</span> <span class='ocrx_word' id='word_1_216' title='bbox 1373 2040 1479 2089; x_wconf 88' lang='lat' dir='ltr'>uvis,</span> 
     </span>
     <span class='ocr_line' id='line_1_34' title="bbox 227 2097 1221 2152; baseline -0.001 -12"><span class='ocrx_word' id='word_1_217' title='bbox 227 2109 292 2141; x_wconf 86' lang='lat'>550</span> <span class='ocrx_word' id='word_1_218' title='bbox 375 2097 554 2152; x_wconf 77' lang='lat' dir='ltr'>tigribus</span> <span class='ocrx_word' id='word_1_219' title='bbox 581 2098 789 2139; x_wconf 88' lang='lat' dir='ltr'>adiunctis</span> <span class='ocrx_word' id='word_1_220' title='bbox 815 2114 943 2140; x_wconf 88' lang='lat' dir='ltr'>aurea</span> <span class='ocrx_word' id='word_1_221' title='bbox 967 2099 1056 2140; x_wconf 86' lang='lat' dir='ltr'>lora</span> <span class='ocrx_word' id='word_1_222' title='bbox 1081 2098 1221 2140; x_wconf 79' lang='lat' dir='ltr'>dabat.</span> 
     </span>
     <span class='ocr_line' id='line_1_35' title="bbox 318 2154 1334 2210; baseline 0 -15"><span class='ocrx_word' id='word_1_223' title='bbox 318 2162 359 2195; x_wconf 88' lang='lat' dir='ltr'>et</span> <span class='ocrx_word' id='word_1_224' title='bbox 384 2155 497 2196; x_wconf 88' lang='lat' dir='ltr'>color</span> <span class='ocrx_word' id='word_1_225' title='bbox 523 2162 562 2196; x_wconf 88' lang='lat' dir='ltr'>et</span> <span class='ocrx_word' id='word_1_226' title='bbox 588 2154 780 2196; x_wconf 86' lang='lat' dir='ltr'>Theseus</span> <span class='ocrx_word' id='word_1_227' title='bbox 808 2163 849 2197; x_wconf 86' lang='lat' dir='ltr'>et</span> <span class='ocrx_word' id='word_1_228' title='bbox 873 2170 956 2197; x_wconf 83' lang='lat' dir='ltr'>vox</span> <span class='ocrx_word' id='word_1_229' title='bbox 983 2156 1123 2197; x_wconf 87' lang='lat' dir='ltr'>abiere</span> <span class='ocrx_word' id='word_1_230' title='bbox 1149 2155 1334 2210; x_wconf 90' lang='lat' dir='ltr'>puellae:</span> 
     </span>
     <span class='ocr_line' id='line_1_36' title="bbox 374 2211 1438 2268; baseline 0 -16"><span class='ocrx_word' id='word_1_231' title='bbox 374 2220 520 2265; x_wconf 86' lang='lat' dir='ltr'>terque</span> <span class='ocrx_word' id='word_1_232' title='bbox 546 2211 693 2268; x_wconf 82' lang='lat' dir='ltr'>fugam</span> <span class='ocrx_word' id='word_1_233' title='bbox 719 2212 838 2267; x_wconf 88' lang='lat' dir='ltr'>petiit</span> <span class='ocrx_word' id='word_1_234' title='bbox 862 2222 1008 2267; x_wconf 85' lang='lat' dir='ltr'>terque</span> <span class='ocrx_word' id='word_1_235' title='bbox 1034 2221 1197 2254; x_wconf 87' lang='lat' dir='ltr'>retenta</span> <span class='ocrx_word' id='word_1_236' title='bbox 1220 2220 1337 2253; x_wconf 88' lang='lat' dir='ltr'>metu</span> <span class='ocrx_word' id='word_1_237' title='bbox 1363 2221 1438 2253; x_wconf 91' lang='lat' dir='ltr'>est.</span> 
     </span>
     <span class='ocr_line' id='line_1_37' title="bbox 316 2268 1395 2325; baseline 0 -16"><span class='ocrx_word' id='word_1_238' title='bbox 316 2268 495 2317; x_wconf 85' lang='lat' dir='ltr'>horruit,</span> <span class='ocrx_word' id='word_1_239' title='bbox 521 2277 567 2310; x_wconf 88' lang='lat' dir='ltr'>ut</span> <span class='ocrx_word' id='word_1_240' title='bbox 593 2269 743 2311; x_wconf 89' lang='lat' dir='ltr'>sterilis</span> <span class='ocrx_word' id='word_1_241' title='bbox 770 2270 899 2325; x_wconf 82' lang='lat' dir='ltr'>agitat</span> <span class='ocrx_word' id='word_1_242' title='bbox 924 2284 1030 2324; x_wconf 90' lang='lat' dir='ltr'>quas</span> <span class='ocrx_word' id='word_1_243' title='bbox 1056 2277 1207 2312; x_wconf 83' lang='lat' dir='ltr'>ventus</span> <span class='ocrx_word' id='word_1_244' title='bbox 1233 2269 1395 2318; x_wconf 81' lang='lat' dir='ltr'>aristas,</span> 
     </span>
     <span class='ocr_line' id='line_1_38' title="bbox 372 2326 1327 2382; baseline -0.001 -15"><span class='ocrx_word' id='word_1_245' title='bbox 372 2334 417 2367; x_wconf 86' lang='lat' dir='ltr'>ut</span> <span class='ocrx_word' id='word_1_246' title='bbox 442 2326 545 2367; x_wconf 85' lang='lat' dir='ltr'>levis</span> <span class='ocrx_word' id='word_1_247' title='bbox 571 2326 614 2367; x_wconf 88' lang='lat' dir='ltr'>in</span> <span class='ocrx_word' id='word_1_248' title='bbox 639 2326 810 2368; x_wconf 86' lang='lat' dir='ltr'>madida</span> <span class='ocrx_word' id='word_1_249' title='bbox 835 2342 970 2369; x_wconf 86' lang='lat' dir='ltr'>canna</span> <span class='ocrx_word' id='word_1_250' title='bbox 994 2327 1148 2382; x_wconf 86' lang='lat' dir='ltr'>palude</span> <span class='ocrx_word' id='word_1_251' title='bbox 1175 2326 1327 2368; x_wconf 87' lang='lat' dir='ltr'>tremit.</span> 
     </span>
     <span class='ocr_line' id='line_1_39' title="bbox 225 2382 1404 2436; baseline -0.001 -13"><span class='ocrx_word' id='word_1_252' title='bbox 225 2395 289 2425; x_wconf 87' lang='lat'>555</span> <span class='ocrx_word' id='word_1_253' title='bbox 318 2383 384 2424; x_wconf 92' lang='lat' dir='ltr'>eui</span> <span class='ocrx_word' id='word_1_254' title='bbox 411 2382 513 2424; x_wconf 90' lang='lat' dir='ltr'>deus</span> <span class='ocrx_word' id='word_1_255' title='bbox 541 2388 613 2425; x_wconf 83' lang='lat' dir='ltr'>‘en</span> <span class='ocrx_word' id='word_1_256' title='bbox 639 2384 788 2425; x_wconf 83' lang='lat' dir='ltr'>adsum</span> <span class='ocrx_word' id='word_1_257' title='bbox 814 2384 889 2425; x_wconf 87' lang='lat' dir='ltr'>tibi</span> <span class='ocrx_word' id='word_1_258' title='bbox 915 2400 1016 2426; x_wconf 86' lang='lat' dir='ltr'>cura</span> <span class='ocrx_word' id='word_1_259' title='bbox 1041 2383 1222 2426; x_wconf 89' lang='lat' dir='ltr'>fidelior&#39;</span> <span class='ocrx_word' id='word_1_260' title='bbox 1249 2383 1404 2436; x_wconf 86' lang='lat' dir='ltr'>inquit:</span> 
     </span>
     <span class='ocr_line' id='line_1_40' title="bbox 374 2440 1394 2495; baseline -0.001 -14"><span class='ocrx_word' id='word_1_261' title='bbox 374 2445 384 2461; x_wconf 85' lang='lat'>‘</span> <span class='ocrx_word' id='word_1_262' title='bbox 394 2455 502 2495; x_wconf 88' lang='lat' dir='ltr'>pone</span> <span class='ocrx_word' id='word_1_263' title='bbox 528 2448 706 2482; x_wconf 84' lang='lat' dir='ltr'>metum:</span> <span class='ocrx_word' id='word_1_264' title='bbox 732 2441 912 2490; x_wconf 88' lang='lat' dir='ltr'>Bacchi,</span> <span class='ocrx_word' id='word_1_265' title='bbox 939 2440 1144 2491; x_wconf 87' lang='lat' dir='ltr'>Gnosias,</span> <span class='ocrx_word' id='word_1_266' title='bbox 1169 2455 1276 2482; x_wconf 86' lang='lat' dir='ltr'>uxor</span> <span class='ocrx_word' id='word_1_267' title='bbox 1301 2440 1394 2482; x_wconf 87' lang='lat' dir='ltr'>eris.</span> 
     </span>
     <span class='ocr_line' id='line_1_41' title="bbox 315 2496 1405 2554; baseline 0.001 -17"><span class='ocrx_word' id='word_1_268' title='bbox 315 2512 468 2538; x_wconf 88' lang='lat' dir='ltr'>munus</span> <span class='ocrx_word' id='word_1_269' title='bbox 494 2496 603 2539; x_wconf 89' lang='lat' dir='ltr'>habe</span> <span class='ocrx_word' id='word_1_270' title='bbox 628 2499 804 2540; x_wconf 88' lang='lat' dir='ltr'>eaelum.</span> <span class='ocrx_word' id='word_1_271' title='bbox 866 2499 981 2540; x_wconf 89' lang='lat' dir='ltr'>caelo</span> <span class='ocrx_word' id='word_1_272' title='bbox 1008 2498 1251 2554; x_wconf 85' lang='lat' dir='ltr'>spectabere</span> <span class='ocrx_word' id='word_1_273' title='bbox 1276 2498 1405 2539; x_wconf 86' lang='lat' dir='ltr'>sidus.</span> 
     </span>
     <span class='ocr_line' id='line_1_42' title="bbox 373 2554 1403 2610; baseline 0.002 -16"><span class='ocrx_word' id='word_1_274' title='bbox 373 2569 498 2609; x_wconf 77' lang='lat' dir='ltr'>saepe</span> <span class='ocrx_word' id='word_1_275' title='bbox 523 2562 641 2610; x_wconf 82' lang='lat' dir='ltr'>reget</span> <span class='ocrx_word' id='word_1_276' title='bbox 667 2555 840 2596; x_wconf 90' lang='lat' dir='ltr'>dubiam</span> <span class='ocrx_word' id='word_1_277' title='bbox 867 2554 1023 2598; x_wconf 88' lang='lat' dir='ltr'>Cressa</span> <span class='ocrx_word' id='word_1_278' title='bbox 1049 2554 1219 2597; x_wconf 85' lang='lat' dir='ltr'>Corona</span> <span class='ocrx_word' id='word_1_279' title='bbox 1243 2554 1403 2597; x_wconf 87' lang='lat' dir='ltr'>ratem.’</span> 
     </span>
     <span class='ocr_line' id='line_1_43' title="bbox 316 2610 1240 2667; baseline 0.003 -17"><span class='ocrx_word' id='word_1_280' title='bbox 316 2610 417 2650; x_wconf 80' lang='lat' dir='ltr'>dixit</span> <span class='ocrx_word' id='word_1_281' title='bbox 446 2619 484 2651; x_wconf 87' lang='lat' dir='ltr'>et</span> <span class='ocrx_word' id='word_1_282' title='bbox 511 2626 533 2652; x_wconf 89' lang='lat' dir='ltr'>e</span> <span class='ocrx_word' id='word_1_283' title='bbox 560 2626 705 2661; x_wconf 88' lang='lat' dir='ltr'>curru,</span> <span class='ocrx_word' id='word_1_284' title='bbox 731 2627 784 2654; x_wconf 89' lang='lat' dir='ltr'>ne</span> <span class='ocrx_word' id='word_1_285' title='bbox 810 2613 939 2667; x_wconf 74' lang='lat' dir='ltr'>tigres</span> <span class='ocrx_word' id='word_1_286' title='bbox 964 2613 1036 2654; x_wconf 85' lang='lat' dir='ltr'>illa</span> <span class='ocrx_word' id='word_1_287' title='bbox 1061 2613 1240 2662; x_wconf 90' lang='lat' dir='ltr'>timeret,</span> 
     </span>
     <span class='ocr_line' id='line_1_44' title="bbox 222 2667 1209 2725; baseline 0.001 -16"><span class='ocrx_word' id='word_1_288' title='bbox 222 2679 288 2709; x_wconf 72' lang='grc'>560</span> <span class='ocrx_word' id='word_1_289' title='bbox 372 2667 526 2707; x_wconf 79' lang='lat' dir='ltr'>desilit:</span> <span class='ocrx_word' id='word_1_290' title='bbox 554 2668 735 2723; x_wconf 86' lang='lat' dir='ltr'>inposito</span> <span class='ocrx_word' id='word_1_291' title='bbox 762 2670 886 2711; x_wconf 84' lang='lat' dir='ltr'>cessit</span> <span class='ocrx_word' id='word_1_292' title='bbox 910 2670 1068 2712; x_wconf 83' lang='lat' dir='ltr'>harena</span> <span class='ocrx_word' id='word_1_293' title='bbox 1092 2669 1209 2725; x_wconf 88' lang='lat' dir='ltr'>pedi:</span> 
     </span>
     <span class='ocr_line' id='line_1_45' title="bbox 312 2723 1631 2782; baseline 0.004 -19"><span class='ocrx_word' id='word_1_294' title='bbox 312 2723 641 2779; x_wconf 86' lang='lat' dir='ltr'>implicitamque</span> <span class='ocrx_word' id='word_1_295' title='bbox 668 2726 761 2767; x_wconf 86' lang='lat' dir='ltr'>sinu</span> <span class='ocrx_word' id='word_1_296' title='bbox 786 2750 842 2755; x_wconf 83' lang='lat'>-—</span> <span class='ocrx_word' id='word_1_297' title='bbox 865 2740 1002 2781; x_wconf 89' lang='lat' dir='ltr'>neque</span> <span class='ocrx_word' id='word_1_298' title='bbox 1029 2727 1141 2769; x_wconf 89' lang='lat' dir='ltr'>enim</span> <span class='ocrx_word' id='word_1_299' title='bbox 1164 2741 1355 2782; x_wconf 81' lang='lat' dir='ltr'>pugnare</span> <span class='ocrx_word' id='word_1_300' title='bbox 1381 2725 1549 2768; x_wconf 83' lang='lat' dir='ltr'>valebat</span> <span class='ocrx_word' id='word_1_301' title='bbox 1572 2748 1631 2756; x_wconf 95' lang='lat'>—-</span> 
     </span>
    </p>
   </div>
  </div>
 </body>
</html>
