1831 3168
529 270 729 307 SAPPHO
754 273 951 309 PHAONI
977 272 1168 307 122—209.

224 353 449 394 Actiacum
476 353 621 407 populi
646 353 998 407 Leucadiumque
1023 360 1193 395 vocant:

163 409 260 451 hinc
286 424 330 450 se
356 408 593 450 Deucalion
618 410 810 465 Pyrrhae
836 425 1063 451 succensus
1089 425 1230 452 amore

222 466 334 506 misit
360 473 398 506 et
424 466 567 507 illaeso
595 480 767 521 corpore
792 467 942 521 pressit
967 481 1117 520 aquas:

165 537 242 564 neo
267 536 403 571 mora,
430 537 575 564 versus
601 538 718 564 amor
742 523 861 578 fugit¹
877 523 1107 564 lentissima
1132 523 1256 565 mersi

222 586 409 634 pectora:
436 578 675 621 Deucalion
699 581 796 635 igne
821 581 984 621 levatus
1010 589 1110 621 erat.

166 635 273 677 hanc
297 636 434 690 legem
459 636 575 678 locus
601 636 670 678 ille
697 645 822 678 tenet.
882 645 976 690 pete
1002 637 1192 691 protinus
1219 637 1346 677 altam

223 692 444 740 Leucada,
470 707 548 734 nec
574 707 675 733 saxo
701 693 917 734 desiluisse
943 693 1069 733 time)

165 756 210 790 ut
235 749 417 797 monuit,
444 764 541 790 cum
566 764 669 791 voce
696 750 809 790 abiit.
871 763 950 804 ego
975 749 1129 804 frigida
1155 763 1295 804 surgo,

224 820 301 847 nec
327 806 528 861 gravidae
554 806 746 847 lacrimas
773 806 1015 847 continuere
1040 821 1188 860 genae.

167 863 342 912 ibimus,
369 877 392 903 o
418 862 623 918 nymphe,
650 871 964 916 monstrataque
991 878 1094 903 saxa
1118 871 1328 917 petemus:

225 919 275 960 sit
300 920 445 974 procul
471 920 618 961 insano
644 920 779 961 victus
805 934 945 961 amore
971 919 1108 960 timor.

167 976 368 1031 quicquid
394 977 490 1025 erit,
516 977 665 1017 melius
691 991 817 1030 quam
843 990 955 1017 nunc
981 977 1070 1017 erit.
1132 991 1254 1025 aura,
1281 976 1440 1017 subito:

226 1043 265 1074 et
291 1047 386 1074 mea
410 1047 494 1074 non
519 1048 721 1088 magnum
747 1047 923 1098 corpora
947 1033 1112 1088 pondus
1138 1033 1308 1074 habent.

172 1098 217 1131 tu
243 1103 433 1143 quoque,
458 1069 616 1130 moni?
619 1091 768 1139 Amor,
794 1091 944 1155 pinnas
970 1105 1162 1145 suppone
1188 1090 1368 1139 cadenti,

225 1161 277 1187 ne
305 1146 382 1186 sim
408 1146 650 1188 Leucadiae
675 1154 841 1187 mortua
866 1147 1023 1187 crimen
1048 1160 1196 1200 aquae.

168 1203 265 1244 inde
291 1203 443 1257 chelyn
466 1203 663 1252 Phoebo,
689 1204 927 1244 communia
951 1218 1146 1252 munela,
1171 1217 1340 1258 ponam,

225 1269 263 1301 et
290 1259 369 1300 sub
396 1274 445 1300 ea
471 1274 615 1300 versus
640 1274 750 1300 unus
777 1268 816 1301 et
843 1260 946 1300 alter
971 1266 1093 1300 erunt

168 1322 309 1371 ‘grata
333 1316 467 1370 lyram
495 1316 616 1371 posui
642 1316 737 1365 tibi,
763 1316 959 1364 Phoebe,
985 1316 1146 1371 poetria
1173 1315 1370 1372 Sappho:

226 1372 422 1413 convenit
446 1372 517 1413 illa
541 1372 664 1422 mihi,
691 1373 886 1414 convenit
909 1373 981 1414 illa
1006 1373 1108 1414 tibi.9

168 1443 241 1470 cur
266 1438 408 1470 tamen
433 1429 634 1470 Actiacas
658 1429 855 1471 miseram
881 1445 948 1471 me
972 1430 1102 1470 mittis
1129 1430 1182 1470 ad
1208 1444 1316 1479 oras,

225 1501 320 1527 cum
346 1486 576 1541 profugum
600 1486 734 1541 possis
760 1487 849 1540 ipse
875 1486 1030 1528 referre
1055 1486 1232 1541 pedem?

168 1550 214 1583 tu
239 1543 341 1582 mihi
366 1542 585 1584 Leucadia
609 1551 728 1597 potes
754 1558 845 1585 esse
872 1543 1079 1584 salubrior
1103 1543 1230 1583 unda.

225 1607 266 1640 et
291 1599 427 1639 forma
452 1607 492 1640 et
518 1599 676 1639 meritis
702 1607 746 1640 tu
772 1599 875 1640 mihi
899 1599 1101 1640 Phoebus
1128 1600 1222 1640 eris.

168 1671 220 1697 an
245 1664 383 1710 potes,
410 1670 434 1696 ο
461 1655 642 1710 scopulis
667 1656 864 1709 undaque
889 1655 1068 1697 ferocior
1092 1656 1219 1705 omni,

225 1713 258 1753 si
283 1712 449 1761 moriar,
475 1712 643 1752 titulum
668 1713 812 1753 mortis
837 1712 992 1754 habere
1018 1713 1164 1754 meae?

169 1778 211 1811 at
236 1776 392 1823 quanto
418 1769 568 1810 melius
594 1777 734 1810 tecum
759 1784 854 1811 mea
878 1777 1049 1824 pectora
1073 1769 1206 1824 iungi,

225 1840 352 1879 quam
379 1825 490 1866 saxis
515 1833 709 1880 poterant
733 1826 1050 1881 praecipitanda
1075 1825 1184 1867 dari!

169 1883 273 1924 haec
298 1890 395 1923 sunt
420 1883 508 1931 illa,
534 1882 704 1931 Phaon,
731 1897 838 1936 quae
865 1892 910 1923 tu
934 1883 1106 1924 laudare
1133 1882 1311 1931 solebas,

225 1939 399 1993 visaque
424 1947 520 1980 sunt
546 1939 697 1980 totiens
721 1939 941 1994 ingeniosa
965 1939 1053 1980 tibi.

168 2010 280 2037 nunc
305 1996 456 2036 vellem
482 1996 666 2037 facunda
691 1996 838 2037 forem.
900 1996 1019 2037 dolor
1043 1996 1202 2037 artibus
1229 1995 1380 2045 obstat,

224 2052 526 2107 ingeniumque
551 2053 655 2094 meis
680 2053 866 2094 substitit
890 2067 1013 2094 omne
1038 2053 1173 2094 malis.

170 2124 254 2150 non
279 2109 379 2149 mihi
405 2110 659 2165 respondent
685 2118 847 2151 veteres
873 2110 916 2151 in
941 2110 1126 2151 carmina
1151 2110 1282 2151 vires:

227 2166 386 2221 plectra
411 2166 553 2207 dolore
579 2175 737 2216 tacent,
763 2175 880 2207 muta
906 2167 1048 2208 dolore
1073 2168 1165 2221 lyra
1191 2175 1265 2208 est.

171 2222 379 2264 Lesbides
406 2236 653 2276 aequoreae,
679 2232 947 2277 nupturaque
972 2232 1190 2278 nuptaque
1215 2223 1368 2278 proles,

228 2278 456 2327 Lesbides,
483 2279 636 2320 Aeolia
660 2279 831 2320 nomina
855 2280 967 2320 dicta
992 2281 1096 2333 lyra,

172 2335 401 2384 Lesbides,
427 2335 629 2377 infamem
654 2350 763 2389 quae
787 2351 855 2377 me
881 2336 1038 2377 fecistis
1066 2343 1244 2384 amatae,

231 2392 406 2434 desinite
433 2392 485 2432 ad
511 2392 690 2433 citharas
715 2392 840 2433 turba
864 2393 1004 2433 venire
1031 2408 1159 2433 meas.

174 2449 345 2491 abstulit
377 2463 500 2489 omne
525 2449 695 2498 Phaon,
721 2449 835 2502 quod
860 2449 978 2490 vobis
1005 2458 1100 2490 ante
1125 2449 1320 2504 placebat
1344 2472 1400 2479 —

231 2521 298 2547 me
323 2506 539 2554 miseram,
566 2506 651 2546 dixi
678 2519 805 2559 quam
830 2506 956 2547 modo
981 2521 1114 2561 paene
1140 2505 1319 2548 ‘meus’l

175 2563 348 2612 efficite,
375 2571 421 2604 ut
445 2562 606 2603 redeat:
634 2572 749 2604 vates
775 2576 942 2617 quoque
969 2571 1107 2605 vestra
1131 2563 1296 2605 redibit.

231 2620 400 2674 ingenio
426 2619 534 2660 vires
560 2619 628 2660 ille
655 2619 745 2668 dat,
770 2619 840 2661 ille
864 2620 985 2674 rapit.

177 2677 328 2730 ecquid
353 2690 434 2731 ago
458 2676 672 2731 precibus,
699 2684 929 2731 pectusque
954 2684 1119 2733 agreste
1144 2685 1349 2726 movetur,

235 2749 288 2774 an
313 2733 441 2788 riget,
468 2740 509 2773 et
533 2733 708 2788 zephyri
732 2733 862 2774 verba
887 2734 1047 2776 caduca
1071 2734 1237 2775 ferunt?

178 2790 251 2844 qui
277 2805 370 2832 mea
395 2789 525 2832 verba
550 2790 709 2840 ferunt,
736 2790 886 2832 vellem
912 2798 985 2833 tua
1009 2791 1103 2833 vela
1127 2790 1349 2832 referrent:

1451 262 1536 306 219

1565 594 1630 624 170

1567 876 1628 905 1ῖ-“)

1568 1160 1633 1191 180

1567 1443 1632 1474 185

1566 1724 1632 1756 190

1569 2007 1634 2038 195

1568 2292 1636 2323 200

1569 2576 1636 2607 205
