1831 3168
426 203 698 239 HEROIDUM
724 204 865 239 XVIII.
892 204 1062 240 24—111.

123 299 197 325 cur
223 299 323 325 suus
351 299 374 324 a
400 291 516 325 tanto
543 284 713 326 crimine
739 284 900 326 fructus
926 285 1069 326 abest?

67 341 286 382 Hesionen
312 340 538 390 Telamon,
566 342 757 383 Briseida
782 342 891 397 cepit
917 341 1125 383 Achilles:

124 406 301 451 utraque
327 397 526 438 victorem
553 413 703 453 nempe
729 409 872 439 secuta
898 399 1047 439 virum.

64 454 297 508 quamlibet
323 468 494 495 accuses
521 464 559 495 et
585 455 641 495 sis
667 455 772 496 irata
797 455 952 504 licebit,

122 511 227 551 irata
252 510 374 551 liceat
400 511 501 551 dum
528 511 628 551 mihi
654 525 776 566 posse
802 512 898 552 frui.

65 567 195 616 idem,
222 567 294 620 qui
319 567 516 615 facimus,
543 568 697 608 factam
724 567 990 609 tenuabimus
1015 569 1139 618 iram3

123 623 243 678 copia
268 623 461 678 placandi
488 624 537 664 sit
564 624 689 664 modo
715 639 845 678 parva
871 624 943 664 tui.

65 689 160 721 ante
187 683 284 721 tuos'
306 680 426 720 liceat
453 680 620 721 flentem
647 679 872 720 consistere
896 680 1049 728 vultus,

122 745 162 778 et
187 737 310 778 liceat
335 735 517 776 lacrimis
544 735 698 776 addere
724 735 853 776 verba
878 736 978 783 suis,

65 801 195 847 utque
221 793 354 833 solent
378 791 544 840 famuli,
572 806 666 832 cum
692 791 868 832 verbera
893 806 1020 832 saeva
1045 800 1255 842 verentur,

126 849 296 891 tendere
322 847 566 889 summissas
592 847 645 888 ad
670 856 743 888 tua
768 862 890 888 crura
916 862 1079 888 manus.

65 906 235 961 ignoras
261 912 333 945 tua
358 904 460 945 iura.
512 918 629 945 voca.
681 918 754 945 cur
779 919 934 958 arguor
959 904 1138 946 absens?

121 962 366 1003 iamdudum
393 961 587 1003 dominae
613 975 727 1002 more
754 961 895 1002 venire
920 960 1037 1002 iubel

65 1020 156 1074 ipsa
180 1033 294 1060 meos
321 1018 486 1059 scindas
512 1018 608 1060 lieet
632 1017 857 1073 imperiosa
882 1017 1069 1072 capillos,

123 1090 279 1128 oraque
306 1075 387 1115 sint
413 1074 553 1129 digitis
577 1074 706 1115 livida
730 1081 873 1115 nostra
896 1074 999 1115 tuis:

65 1132 206 1174 onmia
231 1131 459 1186 perpetiar3
486 1139 648 1172 tantum
673 1130 850 1172 fortasse
876 1130 1047 1180 timebo,

123 1203 296 1243 corpore
322 1188 514 1229 laedatur
538 1202 590 1229 ne
616 1202 765 1228 manus
792 1187 872 1228 ista
895 1201 1003 1229 meo.

64 1246 138 1287 sed
162 1259 298 1298 neque
325 1244 598 1298 compedibus
623 1258 701 1285 neo
725 1259 793 1285 me
819 1258 1023 1299 conpesce
1050 1243 1226 1286 catenis:

122 1301 321 1343 servabor
346 1301 465 1342 firmo
491 1301 656 1342 vinctus
682 1315 824 1342 amore
850 1301 923 1342 tui.

66 1373 160 1401 cum
186 1359 293 1400 bene
319 1372 381 1405 se,
408 1365 699 1411 quantumque
724 1357 855 1407 volet,
881 1357 1095 1399 satiaverit
1119 1357 1194 1406 ira,

121 1416 213 1470 ipsa
239 1414 314 1455 tibi
340 1414 452 1455 dices
479 1418 625 1468 ‘quam
652 1413 860 1469 patienter
885 1413 1039 1456 amatl’

65 1473 156 1527 ipsa
182 1471 257 1512 tibi
283 1471 417 1520 dices,
443 1471 516 1512 ubi
542 1471 696 1513 videris
722 1471 862 1512 omnia
888 1471 1012 1519 ferre,

123 1533 229 1569 ‘tam
254 1528 360 1569 bene
386 1528 458 1581 qui
484 1528 629 1577 servit,
657 1528 811 1569 serviat
835 1528 913 1569 iste
939 1527 1067 1568 mihi.’

64 1600 177 1627 nunc
203 1599 298 1626 rcus
323 1584 471 1625 infelix
497 1584 648 1625 absens
674 1598 790 1639 agor,
816 1592 857 1626 et
882 1599 994 1633 mea,
1021 1598 1117 1626 cum
1143 1583 1195 1624 sit

124 1642 300 1696 optima,
325 1655 409 1681 non
435 1641 520 1681 ullo
546 1655 674 1682 causa
698 1648 841 1682 tuente
867 1641 987 1696 perit.

66 1699 146 1740 hoc
171 1713 357 1752 quoque,
383 1697 496 1751 quod
522 1706 567 1738 tu
592 1697 675 1746 vis,
702 1697 754 1738 sit
778 1697 981 1752 seriptum
1006 1696 1159 1738 iniuria
1183 1703 1393 1738 nostrum:

123 1755 236 1809 quod
262 1755 312 1795 de
338 1769 404 1795 me
430 1755 517 1795 solo
543 1768 694 1808 nempe
719 1754 928 1808 queraris,
954 1754 1099 1795 habes.

65 1827 149 1853 non
174 1811 326 1852 meruit
352 1811 440 1851 falli
466 1825 630 1851 mecum
656 1824 824 1864 quoque
849 1810 995 1852 Delia:
1027 1811 1063 1851 si
1087 1824 1172 1851 non

122 1869 185 1909 vis
211 1867 312 1908 mihi
339 1867 592 1922 promissum
616 1867 811 1916 reddere,
836 1867 964 1909 redde
991 1867 1107 1908 deae.

67 1925 202 1982 adfuit
228 1932 268 1966 et
293 1924 414 1973 vidit,
441 1938 537 1964 cum
563 1931 608 1964 tu
635 1924 811 1979 decepta
835 1923 1032 1972 rubebas,

124 1990 165 2023 et
190 1995 337 2023 vocem
363 1981 537 2022 memori
562 1980 748 2021 condidit
773 1995 874 2022 aure
900 1978 1037 2021 tuam(

68 2039 208 2080 omina
232 2053 275 2079 re
302 2037 489 2079 careant!
528 2037 630 2078 nihil
657 2044 720 2079 est
744 2037 966 2078 violentius
992 2037 1077 2085 illa,

125 2111 220 2137 cum
245 2110 340 2143 sua,
366 2094 479 2148 quod
504 2094 652 2143 nolim,
679 2094 853 2135 numina
877 2095 992 2136 laesa
1016 2093 1143 2135 videt.

67 2152 182 2195 testis
209 2152 285 2193 erit
312 2150 542 2205 Calydonis
568 2165 680 2206 aper.
740 2166 838 2192 nam
864 2151 1038 2200 scimus,
1064 2158 1110 2190 ut
1134 2150 1206 2190 illo

126 2210 178 2250 sit
200 2208 336 2263 magis
361 2208 404 2248 in
429 2215 575 2248 natum
601 2223 726 2249 saeva
751 2214 915 2262 reperta
939 2221 1104 2262 parens.

68 2266 185 2307 testis
211 2272 252 2307 et
277 2266 488 2313 Actaeon,
514 2264 728 2318 quondam
753 2264 844 2305 fera
869 2264 1051 2305 creditus
1075 2262 1171 2311 illis,

126 2324 215 2377 ipse
241 2321 355 2362 dedit
379 2321 462 2362 leto
488 2335 585 2362 cum
610 2321 763 2374 quibus
790 2328 885 2361 ante
911 2320 1040 2361 feras:

55 2393 262 2433 ,quaeque
289 2377 470 2432 superba
495 2391 645 2431 parens
672 2391 774 2418 saxo
799 2391 875 2431 per
899 2390 1050 2430 corpus
1076 2374 1223 2416 oborto

127 2449 239 2476 nunc
265 2447 433 2487 quoque
459 2433 697 2488 Mygdonia
721 2433 871 2474 flebilis
897 2440 1005 2473 astat
1029 2432 1170 2472 humo.

71 2493 108 2534 ei
133 2490 253 2533 mihil
294 2488 510 2545 Cydippe,
535 2490 662 2531 timeo
688 2489 763 2530 tibi
788 2489 925 2530 dicere
950 2503 1111 2537 verum,

128 2564 180 2590 ne
206 2547 350 2588 videar
375 2561 502 2588 eausa
527 2546 634 2587 falsa
659 2560 829 2588 monere
854 2560 966 2586 mea:

72 2605 297 2647 dicendum
322 2611 463 2645 tamen
488 2611 562 2644 est.
622 2603 702 2644 hoe
727 2610 808 2652 est,
835 2602 936 2643 mihi
963 2601 1104 2650 erede,
1130 2600 1243 2656 quod
1269 2616 1397 2657 aegra

128 2663 218 2717 ipso
244 2660 429 2702 nubendi
456 2668 643 2715 tempore
669 2674 795 2715 saepe
819 2659 951 2700 iaces:

73 2719 248 2761 consulit
274 2719 365 2774 ipsa
390 2717 485 2766 tibi,
510 2732 593 2759 neu
619 2717 673 2757 sis
698 2717 883 2772 periura,
909 2715 1085 2765 laborat,

1460 412 1505 444 70

1461 693 1505 726 75

1460 975 1506 1006 80

1462 1539 1509 1570 90

1464 1823 1507 1854 95

1465 2107 1533 2137 loo

1466 2389 1530 2420 105

1465 2671 1531 2701 110
