<?xml version="1.0" encoding="UTF-8"?>
<!DOCTYPE html PUBLIC "-//W3C//DTD XHTML 1.0 Transitional//EN"
    "http://www.w3.org/TR/xhtml1/DTD/xhtml1-transitional.dtd">
<html xmlns="http://www.w3.org/1999/xhtml" xml:lang="en" lang="en">
 <head>
  <title>
</title>
<meta http-equiv="Content-Type" content="text/html;charset=utf-8" />
  <meta name='ocr-system' content='tesseract 3.04.00' />
  <meta name='ocr-capabilities' content='ocr_page ocr_carea ocr_par ocr_line ocrx_word'/>
</head>
<body>
  <div class='ocr_page' id='page_1' title='image "./carminao01oviduoft_0100.png"; bbox 0 0 1831 3168; ppageno 0'>
   <div class='ocr_carea' id='block_1_1' title="bbox 355 198 1272 247">
    <p class='ocr_par' dir='ltr' id='par_1_1' title="bbox 355 198 1272 247">
     <span class='ocr_line' id='line_1_1' title="bbox 355 198 1272 247; baseline 0.007 -7"><span class='ocrx_word' id='word_1_1' title='bbox 355 198 412 240; x_wconf 83' lang='lat'>80</span> <span class='ocrx_word' id='word_1_2' title='bbox 815 210 858 245; x_wconf 89' lang='lat' dir='ltr'>P.</span> <span class='ocrx_word' id='word_1_3' title='bbox 885 210 1031 247; x_wconf 91' lang='lat' dir='ltr'>OVIDI</span> <span class='ocrx_word' id='word_1_4' title='bbox 1055 209 1272 246; x_wconf 82' lang='lat' dir='ltr'>NASONIS</span> 
     </span>
    </p>
   </div>
   <div class='ocr_carea' id='block_1_2' title="bbox 758 609 1324 665">
    <p class='ocr_par' dir='ltr' id='par_1_2' title="bbox 758 609 1324 665">
     <span class='ocr_line' id='line_1_2' title="bbox 758 609 1324 665; baseline 0.005 -3"><span class='ocrx_word' id='word_1_5' title='bbox 758 609 1324 665; x_wconf 81' lang='lat' dir='ltr'><strong>AMORUM</strong></span> 
     </span>
    </p>
   </div>
   <div class='ocr_carea' id='block_1_3' title="bbox 853 731 1237 770">
    <p class='ocr_par' dir='ltr' id='par_1_3' title="bbox 853 731 1237 770">
     <span class='ocr_line' id='line_1_3' title="bbox 853 731 1237 770; baseline 0.003 -4"><span class='ocrx_word' id='word_1_6' title='bbox 853 731 1008 766; x_wconf 85' lang='lat' dir='ltr'><strong>LIBER</strong></span> <span class='ocrx_word' id='word_1_7' title='bbox 1031 733 1237 770; x_wconf 80' lang='lat' dir='ltr'><strong>PRIMUS.</strong></span> 
     </span>
    </p>
   </div>
   <div class='ocr_carea' id='block_1_4' title="bbox 795 953 1288 981">
    <p class='ocr_par' dir='ltr' id='par_1_4' title="bbox 795 953 1288 981">
     <span class='ocr_line' id='line_1_4' title="bbox 795 953 1288 981; baseline 0 -1"><span class='ocrx_word' id='word_1_8' title='bbox 795 954 1081 980; x_wconf 82' lang='lat' dir='ltr'><strong>EPIGRAMMA</strong></span> <span class='ocrx_word' id='word_1_9' title='bbox 1112 953 1288 981; x_wconf 84' lang='lat' dir='ltr'><strong>IPSIUS.</strong></span> 
     </span>
    </p>
   </div>
   <div class='ocr_carea' id='block_1_5' title="bbox 353 1023 1448 1251">
    <p class='ocr_par' dir='ltr' id='par_1_5' title="bbox 353 1023 1448 1251">
     <span class='ocr_line' id='line_1_5' title="bbox 355 1023 1427 1077; baseline 0 -12"><span class='ocrx_word' id='word_1_10' title='bbox 355 1023 443 1077; x_wconf 82' lang='lat' dir='ltr'>Qui</span> <span class='ocrx_word' id='word_1_11' title='bbox 467 1024 593 1066; x_wconf 90' lang='lat' dir='ltr'>modo</span> <span class='ocrx_word' id='word_1_12' title='bbox 619 1024 802 1066; x_wconf 79' lang='lat' dir='ltr'>Nasonis</span> <span class='ocrx_word' id='word_1_13' title='bbox 828 1024 1044 1066; x_wconf 82' lang='lat' dir='ltr'>fueramus</span> <span class='ocrx_word' id='word_1_14' title='bbox 1070 1023 1257 1077; x_wconf 86' lang='lat' dir='ltr'>quinque</span> <span class='ocrx_word' id='word_1_15' title='bbox 1282 1024 1427 1073; x_wconf 83' lang='lat' dir='ltr'>libelli,</span> 
     </span>
     <span class='ocr_line' id='line_1_6' title="bbox 411 1080 1448 1137; baseline 0 -15"><span class='ocrx_word' id='word_1_16' title='bbox 411 1090 494 1123; x_wconf 84' lang='lat' dir='ltr'>tres</span> <span class='ocrx_word' id='word_1_17' title='bbox 520 1080 678 1122; x_wconf 83' lang='lat' dir='ltr'>sumus.</span> <span class='ocrx_word' id='word_1_18' title='bbox 741 1081 821 1122; x_wconf 86' lang='lat' dir='ltr'>hoo</span> <span class='ocrx_word' id='word_1_19' title='bbox 846 1081 905 1122; x_wconf 89' lang='lat' dir='ltr'>illi</span> <span class='ocrx_word' id='word_1_20' title='bbox 930 1080 1129 1136; x_wconf 85' lang='lat' dir='ltr'>praetulit</span> <span class='ocrx_word' id='word_1_21' title='bbox 1156 1088 1302 1122; x_wconf 84' lang='lat' dir='ltr'>auctor</span> <span class='ocrx_word' id='word_1_22' title='bbox 1328 1095 1448 1137; x_wconf 88' lang='lat' dir='ltr'>opus.</span> 
     </span>
     <span class='ocr_line' id='line_1_7' title="bbox 353 1138 1343 1193; baseline -0.002 -13"><span class='ocrx_word' id='word_1_23' title='bbox 353 1147 400 1180; x_wconf 87' lang='lat' dir='ltr'>ut</span> <span class='ocrx_word' id='word_1_24' title='bbox 425 1139 507 1179; x_wconf 85' lang='lat' dir='ltr'>iam</span> <span class='ocrx_word' id='word_1_25' title='bbox 532 1138 649 1179; x_wconf 85' lang='lat' dir='ltr'>nulla</span> <span class='ocrx_word' id='word_1_26' title='bbox 673 1138 749 1179; x_wconf 84' lang='lat' dir='ltr'>tibi</span> <span class='ocrx_word' id='word_1_27' title='bbox 775 1152 851 1179; x_wconf 91' lang='lat' dir='ltr'>nos</span> <span class='ocrx_word' id='word_1_28' title='bbox 878 1138 931 1179; x_wconf 84' lang='lat' dir='ltr'>sit</span> <span class='ocrx_word' id='word_1_29' title='bbox 955 1138 1108 1193; x_wconf 79' lang='lat' dir='ltr'>legisse</span> <span class='ocrx_word' id='word_1_30' title='bbox 1134 1138 1343 1192; x_wconf 78' lang='lat' dir='ltr'>voluptas,</span> 
     </span>
     <span class='ocr_line' id='line_1_8' title="bbox 412 1194 1285 1251; baseline -0.002 -14"><span class='ocrx_word' id='word_1_31' title='bbox 412 1203 455 1237; x_wconf 85' lang='lat' dir='ltr'>at</span> <span class='ocrx_word' id='word_1_32' title='bbox 479 1195 610 1237; x_wconf 85' lang='lat' dir='ltr'>levior</span> <span class='ocrx_word' id='word_1_33' title='bbox 635 1195 816 1250; x_wconf 85' lang='lat' dir='ltr'>demptis</span> <span class='ocrx_word' id='word_1_34' title='bbox 841 1209 979 1251; x_wconf 88' lang='lat' dir='ltr'>poena</span> <span class='ocrx_word' id='word_1_35' title='bbox 1005 1194 1169 1236; x_wconf 90' lang='lat' dir='ltr'>duobus</span> <span class='ocrx_word' id='word_1_36' title='bbox 1196 1195 1285 1236; x_wconf 89' lang='lat' dir='ltr'>erit.</span> 
     </span>
    </p>
   </div>
   <div class='ocr_carea' id='block_1_6' title="bbox 1020 1297 1056 1338">
    <p class='ocr_par' dir='ltr' id='par_1_6' title="bbox 1020 1297 1056 1338">
     <span class='ocr_line' id='line_1_9' title="bbox 1020 1297 1056 1338; baseline 0 0"><span class='ocrx_word' id='word_1_37' title='bbox 1020 1297 1056 1338; x_wconf 91' lang='grc' dir='ltr'>Ι.</span> 
     </span>
    </p>
   </div>
   <div class='ocr_carea' id='block_1_7' title="bbox 280 1364 1728 2786">
    <p class='ocr_par' dir='ltr' id='par_1_7' title="bbox 280 1364 1728 2786">
     <span class='ocr_line' id='line_1_10' title="bbox 353 1364 1493 1421; baseline 0 -14"><span class='ocrx_word' id='word_1_38' title='bbox 353 1367 489 1407; x_wconf 89' lang='lat' dir='ltr'>Arma</span> <span class='ocrx_word' id='word_1_39' title='bbox 513 1364 633 1421; x_wconf 79' lang='lat' dir='ltr'>gravi</span> <span class='ocrx_word' id='word_1_40' title='bbox 658 1380 833 1407; x_wconf 85' lang='lat' dir='ltr'>numero</span> <span class='ocrx_word' id='word_1_41' title='bbox 859 1365 1128 1420; x_wconf 87' lang='lat' dir='ltr'>violentaque</span> <span class='ocrx_word' id='word_1_42' title='bbox 1155 1365 1265 1407; x_wconf 84' lang='lat' dir='ltr'>bella</span> <span class='ocrx_word' id='word_1_43' title='bbox 1290 1366 1493 1421; x_wconf 80' lang='lat' dir='ltr'>parabam</span> 
     </span>
     <span class='ocr_line' id='line_1_11' title="bbox 410 1422 1237 1472; baseline -0.001 -8"><span class='ocrx_word' id='word_1_44' title='bbox 410 1423 554 1472; x_wconf 87' lang='lat' dir='ltr'>edere,</span> <span class='ocrx_word' id='word_1_45' title='bbox 579 1422 758 1464; x_wconf 85' lang='lat' dir='ltr'>materia</span> <span class='ocrx_word' id='word_1_46' title='bbox 782 1422 1058 1464; x_wconf 83' lang='lat' dir='ltr'>conveniente</span> <span class='ocrx_word' id='word_1_47' title='bbox 1083 1423 1237 1463; x_wconf 86' lang='lat' dir='ltr'>modis:</span> 
     </span>
     <span class='ocr_line' id='line_1_12' title="bbox 351 1478 1321 1534; baseline 0 -14"><span class='ocrx_word' id='word_1_48' title='bbox 351 1495 429 1534; x_wconf 85' lang='lat' dir='ltr'>par</span> <span class='ocrx_word' id='word_1_49' title='bbox 455 1487 543 1521; x_wconf 89' lang='lat' dir='ltr'>erat</span> <span class='ocrx_word' id='word_1_50' title='bbox 567 1479 742 1521; x_wconf 85' lang='lat' dir='ltr'>inferior</span> <span class='ocrx_word' id='word_1_51' title='bbox 765 1494 926 1521; x_wconf 89' lang='lat' dir='ltr'>versus.</span> <span class='ocrx_word' id='word_1_52' title='bbox 986 1479 1125 1520; x_wconf 88' lang='lat' dir='ltr'>risisse</span> <span class='ocrx_word' id='word_1_53' title='bbox 1153 1478 1321 1534; x_wconf 85' lang='lat' dir='ltr'>Cupido</span> 
     </span>
     <span class='ocr_line' id='line_1_13' title="bbox 411 1536 1338 1590; baseline -0.001 -13"><span class='ocrx_word' id='word_1_54' title='bbox 411 1536 563 1578; x_wconf 81' lang='lat' dir='ltr'>dieitur</span> <span class='ocrx_word' id='word_1_55' title='bbox 588 1544 714 1590; x_wconf 85' lang='lat' dir='ltr'>atque</span> <span class='ocrx_word' id='word_1_56' title='bbox 739 1551 873 1577; x_wconf 89' lang='lat' dir='ltr'>unum</span> <span class='ocrx_word' id='word_1_57' title='bbox 899 1536 1149 1590; x_wconf 81' lang='lat' dir='ltr'>surripuisse</span> <span class='ocrx_word' id='word_1_58' title='bbox 1174 1536 1338 1590; x_wconf 84' lang='lat' dir='ltr'>pedem.</span> 
     </span>
     <span class='ocr_line' id='line_1_14' title="bbox 307 1592 1570 1648; baseline 0 -14"><span class='ocrx_word' id='word_1_59' title='bbox 307 1608 326 1638; x_wconf 85' lang='lat'>5</span> <span class='ocrx_word' id='word_1_60' title='bbox 354 1593 467 1647; x_wconf 86' lang='lat' dir='ltr'>‘quis</span> <span class='ocrx_word' id='word_1_61' title='bbox 493 1593 588 1642; x_wconf 85' lang='lat' dir='ltr'>tibi,</span> <span class='ocrx_word' id='word_1_62' title='bbox 615 1607 740 1634; x_wconf 86' lang='lat' dir='ltr'>saeve</span> <span class='ocrx_word' id='word_1_63' title='bbox 765 1608 889 1648; x_wconf 85' lang='lat' dir='ltr'>puer,</span> <span class='ocrx_word' id='word_1_64' title='bbox 916 1593 1032 1634; x_wconf 86' lang='lat' dir='ltr'>dedit</span> <span class='ocrx_word' id='word_1_65' title='bbox 1056 1592 1136 1633; x_wconf 87' lang='lat' dir='ltr'>hoo</span> <span class='ocrx_word' id='word_1_66' title='bbox 1161 1593 1204 1633; x_wconf 92' lang='lat' dir='ltr'>in</span> <span class='ocrx_word' id='word_1_67' title='bbox 1231 1592 1417 1634; x_wconf 83' lang='lat' dir='ltr'>carmina</span> <span class='ocrx_word' id='word_1_68' title='bbox 1441 1593 1570 1634; x_wconf 80' lang='lat' dir='ltr'>iuris?</span> 
     </span>
     <span class='ocr_line' id='line_1_15' title="bbox 408 1649 1336 1699; baseline -0.001 -8"><span class='ocrx_word' id='word_1_69' title='bbox 408 1649 628 1691; x_wconf 82' lang='lat' dir='ltr'>Pieridum</span> <span class='ocrx_word' id='word_1_70' title='bbox 653 1657 791 1699; x_wconf 87' lang='lat' dir='ltr'>vates,</span> <span class='ocrx_word' id='word_1_71' title='bbox 818 1664 902 1690; x_wconf 90' lang='lat' dir='ltr'>non</span> <span class='ocrx_word' id='word_1_72' title='bbox 928 1657 1002 1691; x_wconf 88' lang='lat' dir='ltr'>tua</span> <span class='ocrx_word' id='word_1_73' title='bbox 1027 1650 1150 1690; x_wconf 85' lang='lat' dir='ltr'>turba</span> <span class='ocrx_word' id='word_1_74' title='bbox 1177 1664 1336 1690; x_wconf 88' lang='lat' dir='ltr'>sumus.</span> 
     </span>
     <span class='ocr_line' id='line_1_16' title="bbox 352 1706 1526 1762; baseline 0.001 -14"><span class='ocrx_word' id='word_1_75' title='bbox 352 1707 475 1761; x_wconf 85' lang='lat' dir='ltr'>quid,</span> <span class='ocrx_word' id='word_1_76' title='bbox 502 1707 536 1748; x_wconf 84' lang='lat' dir='ltr'>si</span> <span class='ocrx_word' id='word_1_77' title='bbox 561 1706 787 1762; x_wconf 81' lang='lat' dir='ltr'>praeripiat</span> <span class='ocrx_word' id='word_1_78' title='bbox 813 1707 948 1748; x_wconf 85' lang='lat' dir='ltr'>flavae</span> <span class='ocrx_word' id='word_1_79' title='bbox 973 1707 1122 1749; x_wconf 88' lang='lat' dir='ltr'>Venus</span> <span class='ocrx_word' id='word_1_80' title='bbox 1149 1721 1266 1748; x_wconf 86' lang='lat' dir='ltr'>arma</span> <span class='ocrx_word' id='word_1_81' title='bbox 1290 1706 1526 1757; x_wconf 84' lang='lat' dir='ltr'>Minervae,</span> 
     </span>
     <span class='ocr_line' id='line_1_17' title="bbox 409 1763 1332 1806; baseline 0 -2"><span class='ocrx_word' id='word_1_82' title='bbox 409 1764 583 1806; x_wconf 81' lang='lat' dir='ltr'>ventilet</span> <span class='ocrx_word' id='word_1_83' title='bbox 609 1778 807 1805; x_wconf 78' lang='lat' dir='ltr'>accensas</span> <span class='ocrx_word' id='word_1_84' title='bbox 833 1764 944 1805; x_wconf 85' lang='lat' dir='ltr'>flava</span> <span class='ocrx_word' id='word_1_85' title='bbox 968 1764 1167 1806; x_wconf 85' lang='lat' dir='ltr'>Minerva</span> <span class='ocrx_word' id='word_1_86' title='bbox 1191 1763 1332 1806; x_wconf 82' lang='lat' dir='ltr'>faces?</span> 
     </span>
     <span class='ocr_line' id='line_1_18' title="bbox 351 1820 1460 1876; baseline 0.001 -15"><span class='ocrx_word' id='word_1_87' title='bbox 351 1821 445 1874; x_wconf 87' lang='lat' dir='ltr'>quis</span> <span class='ocrx_word' id='word_1_88' title='bbox 471 1820 656 1876; x_wconf 86' lang='lat' dir='ltr'>probet</span> <span class='ocrx_word' id='word_1_89' title='bbox 646 1836 689 1861; x_wconf 91' lang='lat' dir='ltr'>1n</span> <span class='ocrx_word' id='word_1_90' title='bbox 715 1821 830 1862; x_wconf 86' lang='lat' dir='ltr'>silvis</span> <span class='ocrx_word' id='word_1_91' title='bbox 858 1820 1057 1862; x_wconf 79' lang='lat' dir='ltr'>Cereiem</span> <span class='ocrx_word' id='word_1_92' title='bbox 1082 1835 1261 1876; x_wconf 83' lang='lat' dir='ltr'>regnare</span> <span class='ocrx_word' id='word_1_93' title='bbox 1286 1821 1460 1876; x_wconf 63' lang='lat' dir='ltr'>ulgosis,</span> 
     </span>
     <span class='ocr_line' id='line_1_19' title="bbox 284 1856 1253 1932; baseline 0 -14"><span class='ocrx_word' id='word_1_94' title='bbox 284 1892 326 1923; x_wconf 86' lang='lat'>10</span> <span class='ocrx_word' id='word_1_95' title='bbox 408 1878 503 1932; x_wconf 83' lang='lat' dir='ltr'>lege</span> <span class='ocrx_word' id='word_1_96' title='bbox 528 1877 796 1932; x_wconf 79' lang='lat' dir='ltr'>pharetiatae</span> <span class='ocrx_word' id='word_1_97' title='bbox 821 1877 995 1932; x_wconf 83' lang='lat' dir='ltr'>virginis</span> <span class='ocrx_word' id='word_1_98' title='bbox 1021 1892 1122 1919; x_wconf 83' lang='lat' dir='ltr'>arva</span> <span class='ocrx_word' id='word_1_99' title='bbox 1129 1856 1253 1918; x_wconf 60' lang='lat' dir='ltr'>Ocoli?</span> 
     </span>
     <span class='ocr_line' id='line_1_20' title="bbox 351 1933 1492 1988; baseline 0 -14"><span class='ocrx_word' id='word_1_100' title='bbox 351 1934 573 1975; x_wconf 75' lang='lat' dir='ltr'>minibus</span> <span class='ocrx_word' id='word_1_101' title='bbox 562 1934 773 1988; x_wconf 81' lang='lat' dir='ltr'>insignem</span> <span class='ocrx_word' id='word_1_102' title='bbox 798 1934 892 1987; x_wconf 79' lang='lat' dir='ltr'>quis</span> <span class='ocrx_word' id='word_1_103' title='bbox 917 1941 1042 1975; x_wconf 84' lang='lat' dir='ltr'>acuta</span> <span class='ocrx_word' id='word_1_104' title='bbox 1067 1934 1241 1988; x_wconf 80' lang='lat' dir='ltr'>cuspide</span> <span class='ocrx_word' id='word_1_105' title='bbox 1266 1933 1492 1974; x_wconf 81' lang='lat' dir='ltr'>Phoebum</span> 
     </span>
     <span class='ocr_line' id='line_1_21' title="bbox 406 1991 1396 2046; baseline -0.001 -15"><span class='ocrx_word' id='word_1_106' title='bbox 406 1991 607 2040; x_wconf 85' lang='lat' dir='ltr'>instruat,</span> <span class='ocrx_word' id='word_1_107' title='bbox 637 1991 819 2032; x_wconf 86' lang='lat' dir='ltr'>Aoniam</span> <span class='ocrx_word' id='word_1_108' title='bbox 846 1991 987 2032; x_wconf 81' lang='lat' dir='ltr'>Maite</span> <span class='ocrx_word' id='word_1_109' title='bbox 1012 2005 1109 2031; x_wconf 87' lang='lat' dir='ltr'>mov</span> <span class='ocrx_word' id='word_1_110' title='bbox 1114 1998 1208 2032; x_wconf 89' lang='lat' dir='ltr'>ente</span> <span class='ocrx_word' id='word_1_111' title='bbox 1233 1991 1396 2046; x_wconf 79' lang='lat' dir='ltr'>lyiam?</span> 
     </span>
     <span class='ocr_line' id='line_1_22' title="bbox 351 2047 1575 2103; baseline 0 -15"><span class='ocrx_word' id='word_1_112' title='bbox 351 2055 449 2089; x_wconf 84' lang='lat' dir='ltr'>sunt</span> <span class='ocrx_word' id='word_1_113' title='bbox 474 2047 550 2088; x_wconf 92' lang='lat' dir='ltr'>tibi</span> <span class='ocrx_word' id='word_1_114' title='bbox 576 2062 749 2103; x_wconf 82' lang='lat' dir='ltr'>magna,</span> <span class='ocrx_word' id='word_1_115' title='bbox 774 2062 898 2102; x_wconf 90' lang='lat' dir='ltr'>puer,</span> <span class='ocrx_word' id='word_1_116' title='bbox 924 2047 1187 2101; x_wconf 86' lang='lat' dir='ltr'>nimiumque</span> <span class='ocrx_word' id='word_1_117' title='bbox 1212 2047 1401 2103; x_wconf 87' lang='lat' dir='ltr'>potentia</span> <span class='ocrx_word' id='word_1_118' title='bbox 1425 2063 1575 2103; x_wconf 73' lang='lat' dir='ltr'>recma:</span> 
     </span>
     <span class='ocr_line' id='line_1_23' title="bbox 409 2104 1329 2159; baseline 0 -14"><span class='ocrx_word' id='word_1_119' title='bbox 409 2119 483 2146; x_wconf 81' lang='lat' dir='ltr'>our</span> <span class='ocrx_word' id='word_1_120' title='bbox 508 2119 615 2159; x_wconf 91' lang='lat' dir='ltr'>opus</span> <span class='ocrx_word' id='word_1_121' title='bbox 641 2104 850 2154; x_wconf 80' lang='lat' dir='ltr'>adfectas,</span> <span class='ocrx_word' id='word_1_122' title='bbox 877 2104 1118 2153; x_wconf 80' lang='lat' dir='ltr'>ambitiose,</span> <span class='ocrx_word' id='word_1_123' title='bbox 1144 2105 1329 2146; x_wconf 84' lang='lat' dir='ltr'>novum?</span> 
     </span>
     <span class='ocr_line' id='line_1_24' title="bbox 283 2161 1728 2218; baseline 0.002 -16"><span class='ocrx_word' id='word_1_124' title='bbox 283 2176 324 2206; x_wconf 83' lang='lat'>15</span> <span class='ocrx_word' id='word_1_125' title='bbox 351 2176 424 2210; x_wconf 89' lang='lat' dir='ltr'>an,</span> <span class='ocrx_word' id='word_1_126' title='bbox 450 2161 565 2215; x_wconf 89' lang='lat' dir='ltr'>quod</span> <span class='ocrx_word' id='word_1_127' title='bbox 590 2161 768 2215; x_wconf 86' lang='lat' dir='ltr'>ubique,</span> <span class='ocrx_word' id='word_1_128' title='bbox 795 2169 915 2202; x_wconf 90' lang='lat' dir='ltr'>tuum</span> <span class='ocrx_word' id='word_1_129' title='bbox 941 2162 1029 2203; x_wconf 83' lang='lat' dir='ltr'>est?</span> <span class='ocrx_word' id='word_1_130' title='bbox 1065 2169 1138 2202; x_wconf 86' lang='lat' dir='ltr'>tua</span> <span class='ocrx_word' id='word_1_131' title='bbox 1164 2169 1261 2202; x_wconf 88' lang='lat' dir='ltr'>sunt</span> <span class='ocrx_word' id='word_1_132' title='bbox 1286 2162 1512 2203; x_wconf 81' lang='lat' dir='ltr'>Heliconia</span> <span class='ocrx_word' id='word_1_133' title='bbox 1537 2162 1728 2218; x_wconf 83' lang='lat' dir='ltr'>Tempe?</span> 
     </span>
     <span class='ocr_line' id='line_1_25' title="bbox 406 2217 1389 2273; baseline 0.001 -14"><span class='ocrx_word' id='word_1_134' title='bbox 406 2218 477 2259; x_wconf 84' lang='lat' dir='ltr'>vix</span> <span class='ocrx_word' id='word_1_135' title='bbox 504 2219 630 2260; x_wconf 84' lang='lat' dir='ltr'>etiam</span> <span class='ocrx_word' id='word_1_136' title='bbox 655 2217 868 2260; x_wconf 87' lang='lat' dir='ltr'>Phoebo</span> <span class='ocrx_word' id='word_1_137' title='bbox 857 2234 942 2259; x_wconf 81' lang='lat' dir='ltr'>lam</span> <span class='ocrx_word' id='word_1_138' title='bbox 966 2218 1058 2273; x_wconf 86' lang='lat' dir='ltr'>lyra</span> <span class='ocrx_word' id='word_1_139' title='bbox 1083 2225 1173 2259; x_wconf 86' lang='lat' dir='ltr'>tuta</span> <span class='ocrx_word' id='word_1_140' title='bbox 1199 2234 1276 2259; x_wconf 85' lang='lat' dir='ltr'>sua</span> <span class='ocrx_word' id='word_1_141' title='bbox 1301 2219 1389 2260; x_wconf 82' lang='lat' dir='ltr'>est?</span> 
     </span>
     <span class='ocr_line' id='line_1_26' title="bbox 350 2275 1426 2330; baseline 0 -14"><span class='ocrx_word' id='word_1_142' title='bbox 350 2290 447 2316; x_wconf 84' lang='lat' dir='ltr'>cum</span> <span class='ocrx_word' id='word_1_143' title='bbox 474 2276 580 2317; x_wconf 84' lang='lat' dir='ltr'>bene</span> <span class='ocrx_word' id='word_1_144' title='bbox 605 2275 787 2317; x_wconf 85' lang='lat' dir='ltr'>surrexit</span> <span class='ocrx_word' id='word_1_145' title='bbox 811 2290 936 2317; x_wconf 87' lang='lat' dir='ltr'>versu</span> <span class='ocrx_word' id='word_1_146' title='bbox 960 2290 1071 2316; x_wconf 86' lang='lat' dir='ltr'>nova</span> <span class='ocrx_word' id='word_1_147' title='bbox 1095 2275 1253 2330; x_wconf 85' lang='lat' dir='ltr'>pagina</span> <span class='ocrx_word' id='word_1_148' title='bbox 1277 2276 1426 2330; x_wconf 88' lang='lat' dir='ltr'>primo,</span> 
     </span>
     <span class='ocr_line' id='line_1_27' title="bbox 407 2332 1272 2387; baseline -0.002 -13"><span class='ocrx_word' id='word_1_149' title='bbox 407 2339 598 2374; x_wconf 85' lang='lat' dir='ltr'>attenuat</span> <span class='ocrx_word' id='word_1_150' title='bbox 622 2346 774 2374; x_wconf 87' lang='lat' dir='ltr'>nervos</span> <span class='ocrx_word' id='word_1_151' title='bbox 799 2332 1017 2387; x_wconf 86' lang='lat' dir='ltr'>proximus</span> <span class='ocrx_word' id='word_1_152' title='bbox 1041 2332 1111 2373; x_wconf 88' lang='lat' dir='ltr'>ille</span> <span class='ocrx_word' id='word_1_153' title='bbox 1137 2347 1272 2373; x_wconf 85' lang='lat' dir='ltr'>meos:</span> 
     </span>
     <span class='ocr_line' id='line_1_28' title="bbox 348 2388 1443 2444; baseline 0 -14"><span class='ocrx_word' id='word_1_154' title='bbox 348 2403 426 2431; x_wconf 84' lang='lat' dir='ltr'>neo</span> <span class='ocrx_word' id='word_1_155' title='bbox 450 2389 554 2430; x_wconf 86' lang='lat' dir='ltr'>mihi</span> <span class='ocrx_word' id='word_1_156' title='bbox 579 2389 755 2431; x_wconf 85' lang='lat' dir='ltr'>materia</span> <span class='ocrx_word' id='word_1_157' title='bbox 780 2396 843 2431; x_wconf 82' lang='lat' dir='ltr'>est</span> <span class='ocrx_word' id='word_1_158' title='bbox 867 2389 1052 2431; x_wconf 84' lang='lat' dir='ltr'>numeris</span> <span class='ocrx_word' id='word_1_159' title='bbox 1077 2388 1304 2430; x_wconf 84' lang='lat' dir='ltr'>levioribus</span> <span class='ocrx_word' id='word_1_160' title='bbox 1331 2397 1443 2444; x_wconf 85' lang='lat' dir='ltr'>apta,</span> 
     </span>
     <span class='ocr_line' id='line_1_29' title="bbox 281 2446 1459 2502; baseline -0.003 -13"><span class='ocrx_word' id='word_1_161' title='bbox 281 2460 324 2490; x_wconf 79' lang='lat'>20</span> <span class='ocrx_word' id='word_1_162' title='bbox 407 2454 479 2487; x_wconf 90' lang='lat' dir='ltr'>aut</span> <span class='ocrx_word' id='word_1_163' title='bbox 504 2460 622 2502; x_wconf 82' lang='lat' dir='ltr'>puer,</span> <span class='ocrx_word' id='word_1_164' title='bbox 648 2454 719 2488; x_wconf 85' lang='lat' dir='ltr'>aut</span> <span class='ocrx_word' id='word_1_165' title='bbox 744 2447 894 2502; x_wconf 84' lang='lat' dir='ltr'>longas</span> <span class='ocrx_word' id='word_1_166' title='bbox 920 2453 1088 2501; x_wconf 83' lang='lat' dir='ltr'>compta</span> <span class='ocrx_word' id='word_1_167' title='bbox 1113 2447 1255 2501; x_wconf 86' lang='lat' dir='ltr'>puella</span> <span class='ocrx_word' id='word_1_168' title='bbox 1280 2446 1459 2487; x_wconf 78' lang='lat' dir='ltr'>comasl’</span> 
     </span>
     <span class='ocr_line' id='line_1_30' title="bbox 350 2503 1528 2559; baseline 0 -15"><span class='ocrx_word' id='word_1_169' title='bbox 350 2511 523 2557; x_wconf 83' lang='lat' dir='ltr'>questus</span> <span class='ocrx_word' id='word_1_170' title='bbox 550 2518 676 2544; x_wconf 85' lang='lat' dir='ltr'>eram.</span> <span class='ocrx_word' id='word_1_171' title='bbox 737 2503 934 2559; x_wconf 83' lang='lat' dir='ltr'>pharetra</span> <span class='ocrx_word' id='word_1_172' title='bbox 959 2517 1055 2544; x_wconf 84' lang='lat' dir='ltr'>oum</span> <span class='ocrx_word' id='word_1_173' title='bbox 1080 2503 1271 2558; x_wconf 85' lang='lat' dir='ltr'>protinus</span> <span class='ocrx_word' id='word_1_174' title='bbox 1296 2503 1365 2545; x_wconf 89' lang='lat' dir='ltr'>ille</span> <span class='ocrx_word' id='word_1_175' title='bbox 1390 2503 1528 2544; x_wconf 84' lang='lat' dir='ltr'>soluta</span> 
     </span>
     <span class='ocr_line' id='line_1_31' title="bbox 405 2560 1269 2615; baseline 0 -14"><span class='ocrx_word' id='word_1_176' title='bbox 405 2560 509 2615; x_wconf 81' lang='lat' dir='ltr'>legit</span> <span class='ocrx_word' id='word_1_177' title='bbox 532 2560 575 2601; x_wconf 91' lang='lat' dir='ltr'>in</span> <span class='ocrx_word' id='word_1_178' title='bbox 601 2560 777 2602; x_wconf 84' lang='lat' dir='ltr'>exitium</span> <span class='ocrx_word' id='word_1_179' title='bbox 802 2560 964 2615; x_wconf 82' lang='lat' dir='ltr'>spicula</span> <span class='ocrx_word' id='word_1_180' title='bbox 989 2560 1101 2601; x_wconf 80' lang='lat' dir='ltr'>facta</span> <span class='ocrx_word' id='word_1_181' title='bbox 1126 2575 1269 2601; x_wconf 89' lang='lat' dir='ltr'>meum</span> 
     </span>
     <span class='ocr_line' id='line_1_32' title="bbox 348 2615 1350 2672; baseline 0.001 -16"><span class='ocrx_word' id='word_1_182' title='bbox 348 2615 595 2670; x_wconf 85' lang='lat' dir='ltr'>lunavitque</span> <span class='ocrx_word' id='word_1_183' title='bbox 620 2632 734 2672; x_wconf 84' lang='lat' dir='ltr'>genu</span> <span class='ocrx_word' id='word_1_184' title='bbox 759 2617 978 2658; x_wconf 87' lang='lat' dir='ltr'>sinuosum</span> <span class='ocrx_word' id='word_1_185' title='bbox 1003 2617 1167 2658; x_wconf 85' lang='lat' dir='ltr'>fortiter</span> <span class='ocrx_word' id='word_1_186' title='bbox 1193 2631 1350 2665; x_wconf 79' lang='lat' dir='ltr'>areum,</span> 
     </span>
     <span class='ocr_line' id='line_1_33' title="bbox 408 2673 1514 2729; baseline -0.001 -15"><span class='ocrx_word' id='word_1_187' title='bbox 408 2674 647 2727; x_wconf 81' lang='lat' dir='ltr'>‘quod&#39;que</span> <span class='ocrx_word' id='word_1_188' title='bbox 673 2679 839 2724; x_wconf 84' lang='lat' dir='ltr'>‘canas,</span> <span class='ocrx_word' id='word_1_189' title='bbox 865 2681 1002 2722; x_wconf 86' lang='lat' dir='ltr'>vates,</span> <span class='ocrx_word' id='word_1_190' title='bbox 1029 2674 1189 2729; x_wconf 80' lang='lat' dir='ltr'>accipe’</span> <span class='ocrx_word' id='word_1_191' title='bbox 1217 2674 1323 2715; x_wconf 84' lang='lat' dir='ltr'>dixit</span> <span class='ocrx_word' id='word_1_192' title='bbox 1348 2673 1514 2728; x_wconf 80' lang='lat' dir='ltr'>‘opusl&#39;</span> 
     </span>
     <span class='ocr_line' id='line_1_34' title="bbox 280 2729 1450 2786; baseline 0 -16"><span class='ocrx_word' id='word_1_193' title='bbox 280 2744 322 2774; x_wconf 78' lang='lat'>25</span> <span class='ocrx_word' id='word_1_194' title='bbox 349 2745 415 2771; x_wconf 83' lang='lat' dir='ltr'>me</span> <span class='ocrx_word' id='word_1_195' title='bbox 441 2729 660 2772; x_wconf 79' lang='lat' dir='ltr'>miserum!</span> <span class='ocrx_word' id='word_1_196' title='bbox 699 2738 834 2773; x_wconf 85' lang='lat' dir='ltr'>certas</span> <span class='ocrx_word' id='word_1_197' title='bbox 861 2731 1007 2772; x_wconf 88' lang='lat' dir='ltr'>habuit</span> <span class='ocrx_word' id='word_1_198' title='bbox 1034 2746 1139 2786; x_wconf 83' lang='lat' dir='ltr'>puer</span> <span class='ocrx_word' id='word_1_199' title='bbox 1163 2731 1232 2772; x_wconf 84' lang='lat' dir='ltr'>ille</span> <span class='ocrx_word' id='word_1_200' title='bbox 1258 2730 1450 2785; x_wconf 80' lang='lat' dir='ltr'>sagittas:</span> 
     </span>
    </p>
   </div>
  </div>
 </body>
</html>
