1831 3168
672 277 822 316 NUClS
846 279 1015 313 64—151.

216 376 410 417 quaeque
436 363 515 405 fuit
540 361 696 411 multis,
722 371 762 404 et
787 361 888 403 mihi
914 360 1071 416 praeda
1097 361 1207 402 malo
1232 368 1307 403 est.

158 420 316 484 praeda.
340 421 464 470 malo,
490 420 722 475 Polydore,
748 419 828 460 fuit
853 419 946 460 tibi:
974 418 1131 474 praeda
1154 418 1364 460 nefandae

216 476 407 531 coniugis
433 477 622 519 Aonium
648 476 761 517 misit
784 476 828 517 in
853 491 970 517 arma
995 476 1146 516 virum.

159 533 358 588 Hesperii
385 535 496 589 regis
522 533 712 590 pomaria
737 541 827 574 tuta
852 533 1049 574 fuissent.

215 605 300 631 una
325 591 433 632 sed
424 606 634 633 mmensas
661 590 784 632 arbor
809 589 993 631 habebat
1017 604 1131 644 opes.

156 654 201 688 at
226 647 357 689 rubus
384 657 423 690 et
450 656 587 689 sentes
613 646 904 689 tantummodo
928 646 1095 688 laedere
1120 646 1209 687 nati

216 704 420 759 spinaque
446 705 630 746 vindicta
655 713 794 745 cetera
818 711 909 744 tuta
933 717 1010 744 sua
1036 710 1111 744 est.

157 776 244 810 me,
271 761 370 815 quia
394 775 472 803 nee
496 774 628 802 noceo
653 774 731 802 nee
757 759 931 801 aduncis
957 760 1148 801 ιίιιᾱὶροι·
1172 758 1321 808 hamis,

214 818 342 859 missa
368 826 517 873 petunt
542 817 667 858 avida
691 832 793 858 saxa
818 825 1014 872 proterxa
1038 831 1180 858 manu.

156 874 295 928 quidsi
321 889 404 916 non
430 883 549 929 aptas
576 874 707 916 solem
732 873 962 915 vitantibus
988 873 1174 921 umbras,

214 931 387 972 finditur
412 931 548 972 Icario
575 946 670 973 eum
698 946 800 973 eane
827 939 957 980 terra,
984 930 1153 972 darem?

154 987 259 1041 quid
282 988 363 1029 nisi
389 988 622 1043 suffugium
647 988 813 1029 nimbos
839 988 1067 1029 vitantibus
1093 1002 1242 1036 essem,

214 1059 298 1086 non
323 1054 566 1100 exspectata
591 1060 687 1087 eum
713 1045 828 1087 venit
852 1045 986 1086 imber
1011 1045 1146 1098 aqua?

157 1102 300 1143 omnia
325 1116 423 1144 eum
447 1102 620 1152 faciam,
648 1117 744 1144 cum
770 1110 979 1158 praestem
1004 1102 1152 1144 sedula
1178 1100 1339 1144 eunetis

214 1158 419 1208 officium,
446 1160 557 1201 saxis
584 1159 772 1201 officiosa
797 1168 926 1214 petor.

130 1265 132 1267 Ι
155 1215 261 1258 haee
286 1215 388 1257 mihi
414 1231 639 1272 perpessae
665 1216 823 1257 domini
848 1215 1046 1271 patienda
1071 1216 1259 1269 querella
1283 1223 1366 1257 est:

214 1287 342 1314 causa
366 1272 538 1322 habeor,
564 1288 692 1328 quare
718 1274 771 1314 sit
796 1273 1010 1328 lapidosus
1037 1287 1151 1328 ager.

154 1329 342 1383 dumque
367 1338 569 1385 repurgat
593 1330 770 1372 humum
797 1309 1089 1384 collectaquee>
1083 1345 1185 1370 saxa
1210 1329 1396 1378 remittit,

213 1401 379 1452 semper
403 1387 594 1429 habent
584 1403 627 1428 1n
653 1402 719 1429 me
744 1388 827 1430 tela
851 1403 939 1442 par
930 1396 999 1428 ata
1022 1387 1128 1428 viae.

154 1457 257 1498 ergo
281 1443 418 1485 invisa
443 1444 533 1486 aliis
559 1444 632 1485 uni
658 1444 758 1486 mihi
783 1445 942 1500 frigora
966 1453 1161 1499 prosunt:

212 1500 284 1541 illo
310 1516 377 1542 me
403 1508 536 1542 tutam
562 1510 750 1556 tempore
776 1510 961 1556 praestat
986 1501 1133 1543 hiems.

157 1556 271 1598 nuda
295 1557 467 1610 quidem
492 1567 592 1599 tune
618 1574 730 1607 sum3
757 1559 914 1599 nudam
939 1567 1081 1599 tamen
1106 1558 1275 1613 expedit
1302 1572 1412 1598 esse:

213 1628 299 1655 non
324 1614 504 1668 spolium
531 1614 582 1656 de
607 1630 674 1656 me
700 1615 814 1669 quod
838 1624 951 1670 petat
978 1615 1108 1656 hostis
1134 1614 1273 1656 habet.

156 1678 199 1711 at
225 1670 349 1711 simul
374 1670 588 1712 induimus
614 1672 766 1713 nostlis
793 1687 869 1712 sua
894 1687 1070 1713 munera
1094 1671 1235 1720 lamis,

213 1742 315 1768 saxa
340 1742 421 1768 nox
427 1742 472 1768 os
497 1728 659 1770 fruetus
683 1728 890 1784 grandine
916 1729 1037 1784 plura
1062 1736 1223 1783 petunt.

154 1783 330 1825 forsitan
357 1784 424 1826 hie
449 1785 598 1839 aliquis
625 1785 772 1827 dieat‘
782 1800 890 1839 quae
915 1785 1086 1840 publiea
1109 1793 1302 1840 tangunt,

213 1855 384 1895 carpere
410 1856 655 1883 eoncessum
682 1852 762 1884 est:
790 1843 869 1883 hoe
895 1843 963 1883 xia
987 1843 1087 1883 iuris
1113 1842 1267 1883 habet?

154 1897 189 1938 si
213 1897 310 1939 lieet
334 1897 434 1947 hoe,
462 1898 574 1940 oleas
602 1899 855 1954 distringite3
882 1899 1043 1941 caedite
1069 1914 1246 1948 messes3

212 1954 422 2009 improbe,
448 1955 633 1997 vicinum
658 1971 800 2011 carpe,
826 1956 972 2005 viator,
998 1955 1134 1997 holus.

154 2011 279 2053 intret
304 2019 344 2052 et
370 2011 553 2053 urbanas
580 2012 727 2054 eadem
753 2013 986 2068 petulantia
1010 2023 1165 2068 portas,

211 2068 348 2121 sitque
374 2068 456 2110 tuis
481 2070 630 2119 muris,
656 2069 857 2118 Romule,
882 2070 983 2111 iuris
1009 2070 1134 2112 idem.

151 2124 329 2179 quilibet
355 2134 578 2180 argentum
602 2126 738 2181 prima
763 2127 814 2168 de
839 2127 976 2168 fronte
1002 2127 1202 2169 tabernae

210 2181 347 2230 tollat,
374 2192 414 2223 et
439 2182 493 2223 ad
517 2197 708 2237 gemmas
734 2184 909 2237 quilibet
937 2184 1041 2225 alter
1066 2193 1145 2224 eat.

153 2237 316 2278 auferat
342 2238 410 2278 hie
435 2253 604 2287 aurum,
632 2240 877 2294 peregrinos
902 2240 970 2281 ille
995 2241 1172 2294 lapillos

211 2303 252 2335 et
277 2307 565 2348 quascumque
591 2305 727 2349 potest
751 2305 944 2351 tangere,
971 2296 1087 2337 tollat
1114 2311 1228 2351 opes.

152 2351 227 2392 sed
252 2365 388 2404 neque
414 2350 636 2400 tolluntur3
662 2367 753 2400 nee,
779 2352 879 2393 dum
904 2353 1010 2407 regit
1037 2354 1177 2394 omnia
1203 2354 1312 2396 Caes
1296 2369 1375 2405 ar,

209 2407 430 2449 incolumis
455 2416 569 2449 tanto
594 2408 786 2463 praeside
811 2419 953 2464 raptor
977 2409 1066 2450 erit.

153 2474 193 2504 at
220 2478 303 2505 non
328 2464 396 2505 ille
424 2464 527 2506 deus
553 2478 700 2519 pacem
726 2465 834 2506 intra
859 2466 1024 2507 moenia
1050 2466 1159 2507 finit:

210 2520 413 2561 auxilium
439 2530 526 2562 toto
552 2522 712 2576 spargit
735 2522 779 2563 in
803 2522 903 2564 orbe
929 2538 1066 2588 suum.

151 2577 255 2631 quid
279 2586 420 2619 tamen
446 2577 525 2619 hoe
550 2578 740 2632 prodest,
766 2579 904 2620 media
929 2579 963 2620 si
987 2579 1081 2621 luce
1107 2580 1333 2636 palamque

209 2633 421 2682 ιθὼθιοτ,
448 2644 487 2675 et
514 2642 627 2676 tutae
653 2649 737 2676 non
762 2635 860 2677 lieet
885 2651 974 2678 esse
999 2636 1128 2677 mihi?

152 2704 253 2745 ergo
278 2705 356 2731 nee
380 2690 500 2731 nidos
526 2690 635 2732 foliis
660 2690 832 2734 haerere
857 2707 935 2734 nee
960 2693 1090 2734 ullam

209 2746 379 2787 sedibus
404 2747 448 2787 in
472 2747 623 2788 nostris
649 2756 758 2790 stare
785 2749 934 2790 videtis
961 2765 1095 2791 avem.

151 2811 193 2843 at
218 2803 343 2859 lapis,
369 2803 412 2844 in
437 2818 553 2845 ramo
580 2804 685 2846 sedit
710 2805 966 2861 quicumque
991 2806 1171 2857 bifurco,

1559 487 1622 518 110

1559 771 1620 801 115

1559 1056 1621 1085 120

1555 1626 1618 1656 130

1554 1911 1616 1941 135

1552 2197 1616 2226 140

1550 2481 1614 2511 145

1549 2766 1614 2798 150
