1831 3168
533 283 732 320 sAm’uo
758 284 955 320 PquM
979 283 1148 318 34—121.
1441 271 1524 313 217

213 367 281 408 illc
306 366 389 408 mei
415 366 552 407 cultus
578 366 726 407 unicus
753 374 899 408 auctor
925 365 1056 407 abest.

155 424 280 465 molle
306 438 447 464 meum
472 423 722 476 levibusque
747 437 818 464 cor
843 431 904 464 est
931 422 1124 463 violabile
1151 421 1257 469 telis,

214 489 255 522 et
280 495 446 535 semper
471 493 584 520 causi
586 496 599 520 1.
623 488 704 528 est,
731 494 805 521 cur
830 494 909 534 ego
936 493 1137 533 semper
1126 493 1276 520 amem.
1555 491 1598 521 80

161 537 248 578 sive
274 536 333 577 ita
357 536 546 577 nascenti
572 537 708 592 legem
735 536 877 578 dixere
904 534 1094 591 Sorores,

216 608 294 634 nec
320 593 418 634 dua
443 600 540 634 sunt
566 594 675 635 vitae
701 593 770 634 fila
795 607 941 634 severa
967 607 1099 641 meae,

157 651 246 692 sive
272 650 429 691 abeunt
454 650 628 691 studia
619 666 661 690 m
686 664 823 690 mores
849 649 1034 702 ¹trtisque
1060 648 1262 703 magistra

215 707 433 762 ingenium
458 707 578 747 nobis
604 707 728 747 molle
754 705 906 746 Thalia
930 705 1044 746 facit.

157 742 286 818 quid0
286 763 460 812 mirum,
486 764 520 804 si
546 778 612 804 me
637 763 796 817 primae
821 761 1032 816 lanuginis
1059 769 1174 802 aetas
1557 773 1599 803 85

218 820 391 861 abstulit
417 829 542 874 atque
568 819 685 868 anni,
711 833 816 873 quos
841 819 905 859 vir
929 833 1070 859 amare
1095 818 1257 872 potest?

159 877 271 918 hune
296 892 348 918 ne
374 891 449 932 pro
477 875 667 931 Cephalo
692 891 880 931 raperes,
907 876 1096 923 Aurora,
1122 874 1336 915 timebam.

219 942 260 975 et
284 934 465 975 faceres:
493 933 566 974 sed
593 942 631 975 te
656 933 791 988 prima
816 932 964 997 rapina
988 938 1115 973 tenet.

158 991 271 1031 hune
297 991 331 1031 si
357 990 606 1045 conspiciat,
632 1004 740 1043 quae
766 989 970 1054 conspicit
994 988 1154 1038 omnia,
1180 987 1370 1036 Phoebe,

215 1048 354 1088 iussus
381 1047 458 1088 elit
484 1061 652 1087 somnos
678 1046 923 1088 continuare
948 1045 1113 1086 Phaon.
1559 1056 1602 1087 90

158 1104 272 1145 hune
296 1103 479 1146 Venus
470 1120 512 1144 m
538 1104 700 1144 eaelum
727 1118 852 1144 cuiru
878 1102 1062 1144 vexisset
1087 1102 1262 1151 eburno,

216 1160 290 1202 sed
316 1160 430 1202 videt
455 1169 495 1201 et
518 1160 650 1200 Marti
674 1174 798 1215 posse
823 1161 989 1214 placere
1015 1173 1103 1200 suo.

158 1232 183 1257 o
209 1232 285 1259 nec
318 1217 491 1258 adhuc
481 1217 666 1265 iuvenis,
692 1231 770 1258 nec
794 1216 878 1256 iam
903 1231 1020 1271 puer,
1047 1214 1159 1256 utilis
1186 1221 1314 1263 aetas,

217 1289 241 1315 0
268 1274 396 1315 decus
422 1281 548 1327 atque
574 1273 667 1314 aevi
692 1273 826 1327 gloria
851 1288 890 1312 m
895 1287 1006 1327 mna
1031 1272 1105 1321 tui,

158 1330 241 1371 huc
267 1331 366 1371 ades
392 1330 519 1383 inque
544 1330 680 1379 sinus,
707 1329 907 1378 formose,
934 1329 1121 1371 relabere
1145 1335 1331 1370 nostros:
1561 1339 1603 1370 95

214 1402 299 1427 non
324 1395 370 1427 ut
396 1402 511 1428 ames
538 1401 631 1436 oro,
658 1401 805 1428 verum
831 1395 876 1427 ut
902 1401 1042 1427 amare
1068 1386 1194 1427 sinas.

158 1444 401 1493 scribimus,
429 1451 470 1485 et
493 1443 676 1485 lacrimis
703 1444 813 1484 oculi
838 1450 1034 1483 rorantur
1058 1442 1238 1484 obortis:

217 1501 378 1556 aspice,
405 1515 533 1554 quam
560 1500 612 1541 sit
636 1501 679 1541 in
704 1500 784 1541 hoc
809 1501 941 1540 multa
964 1499 1091 1540 litura
1114 1499 1221 1540 loco.

158 1557 195 1598 si
220 1565 304 1598 tam
331 1566 469 1598 certus
496 1572 587 1598 eras
612 1557 709 1597 hinc
735 1557 813 1605 ire,
837 1556 1067 1597 modestius
1093 1556 1196 1597 isses

218 1623 259 1655 et
284 1613 387 1655 mihi
412 1613 589 1654 dixisses
617 1613 768 1654 ‘Lesbi
793 1613 953 1667 puella,
979 1612 1099 1654 vale?
1564 1624 1627 1655 100

160 1685 245 1711 non
270 1679 410 1712 tecum
436 1670 650 1719 lacrimas,
676 1684 761 1711 non
786 1670 930 1710 oscula
954 1677 1097 1710 nostra
1122 1669 1272 1710 tulisti:

219 1727 401 1781 denique
427 1741 512 1768 non
537 1726 675 1776 timui,
703 1727 816 1780 quod
842 1726 1023 1767 dolitura
1048 1725 1123 1766 fui.

160 1785 219 1825 nil
245 1784 296 1825 de
322 1793 362 1825 te
387 1798 554 1825 meeum
580 1792 661 1832 est,
687 1784 766 1824 nisi
793 1791 954 1824 tantum
979 1782 1144 1823 iniuria.
1204 1796 1282 1824 neo
1307 1789 1367 1831 tu,

218 1841 444 1882 admoneat
469 1840 583 1894 quod
609 1848 669 1889 te,
695 1855 849 1881 munus
875 1839 1053 1881 amantis
1080 1839 1225 1880 habes.

161 1913 245 1939 non
270 1897 471 1939 mandata
495 1897 605 1939 dedi.
665 1911 803 1950 neque
828 1897 939 1938 enim
964 1896 1165 1937 mandata
1190 1895 1399 1937 dedissem
1565 1908 1627 1939 105

219 1955 323 2003 ulla,
349 1954 428 1995 nisi
453 1961 500 1994 ut
525 1954 657 1995 nolles
683 1954 904 1995 immemor
929 1968 1019 1995 esse
1045 1953 1139 1995 mei.

159 2027 234 2067 per
259 2011 353 2060 tibi,
380 2011 453 2065 qui
477 2025 711 2065 numquam
736 2011 862 2065 longe
889 2010 1086 2059 discedit,
1112 2010 1319 2050 Amorem

218 2083 377 2123 perque
402 2082 555 2109 novem
580 2068 691 2117 iuro,
717 2068 892 2109 numina
916 2075 1079 2116 nostra,
1107 2067 1221 2114 deas,

160 2140 258 2165 cum
284 2125 385 2166 mihi
410 2125 552 2166 nescio
579 2125 673 2178 quis
699 2125 889 2179 ‘fugiunt
914 2132 988 2165 tua
1012 2123 1188 2179 gaudia'
1216 2123 1334 2171 dixit,

219 2197 297 2223 nec
323 2196 389 2222 me
413 2182 513 2222 flere
540 2181 611 2222 diu
636 2196 714 2222 nec
740 2182 925 2235 potuisse
950 2181 1078 2234 loqui.
1566 2193 1630 2223 110

161 2249 203 2279 et
229 2238 426 2279 lacrimae
453 2238 627 2279 deerant
651 2238 783 2278 oculis
808 2245 849 2278 et
875 2237 1004 2278 verba
1028 2237 1184 2292 palato,

219 2295 436 2335 astrictum
460 2294 601 2349 gelido
627 2294 783 2349 frigore
808 2302 954 2348 peetus
981 2301 1082 2334 erat.

163 2365 390 2406 postquam
416 2366 459 2392 se
486 2351 604 2391 dolor
628 2351 806 2398 invenit,
832 2365 910 2391 nec
934 2359 1105 2404 pectora
1130 2349 1275 2404 plangi

221 2423 299 2449 nee
323 2407 474 2463 puduit
499 2407 637 2448 scissis
665 2407 880 2448 exululare
907 2407 1051 2455 comis,

164 2479 248 2506 non
274 2465 413 2513 aliter,
440 2478 568 2518 quam
594 2464 628 2504 si
653 2464 740 2504 nati
764 2464 834 2518 pia
859 2472 994 2505 mater
1018 2463 1206 2517 adempti
1566 2477 1630 2507 115

222 2530 357 2576 portet
384 2521 438 2562 ad
463 2529 698 2562 exstructos
725 2535 876 2585 corpus
902 2520 1025 2561 inane
1052 2534 1190 2574 rogos.

165 2578 325 2634 gaudet
350 2586 391 2619 et
416 2593 438 2619 e
463 2586 606 2619 nostio
632 2577 781 2618 ciescit
806 2591 993 2618 maerore
1021 2575 1243 2618 Charaxus

224 2635 354 2675 frater
378 2642 418 2676 et
444 2643 540 2676 ante
565 2634 708 2675 oeulos
733 2635 848 2688 itque
873 2634 1066 2688 reditque
1092 2648 1220 2675 meos.

168 2699 299 2744 utque
324 2691 524 2746 pudenda
547 2691 628 2732 mei
655 2691 848 2733 videatur
873 2706 1001 2733 causa
1026 2690 1194 2740 doloris,

227 2748 348 2801 ‘quid
375 2748 486 2789 dolet
510 2747 640 2790 haee?
676 2756 787 2790 certe
811 2748 897 2790 filia
921 2747 1040 2790 vivit’
1067 2747 1136 2789 ait.
1566 2761 1630 2792 120

169 2818 253 2845 non
278 2804 451 2847 veniunt
474 2805 518 2846 in
541 2805 654 2847 idem
679 2805 816 2861 pudor
840 2812 965 2860 atque
991 2819 1127 2846 amor:
1154 2818 1276 2846 omne
1302 2803 1474 2846 videbat
