1831 3168
761 224 1000 252 PRAEFATIO.

157 300 362 343 hibebatur,
385 299 482 345 quod
505 311 568 334 nec
588 301 724 344 patiens
748 311 885 344 corpus,

157 358 216 380 nec
232 357 327 380 mens
349 344 414 388 fuit
437 351 520 389 apta
544 345 667 388 labori,
691 346 887 394 sollz·cz·tae-,

156 403 220 437 que
234 391 345 436 fuqaa:
368 391 560 425 ambitionis
582 402 691 434 eram,
716 397 746 425 et
758 397 886 438 petere¹

156 438 289 471 Aoniae
310 437 500 471 suadebant
524 442 596 470 tuta
620 448 759 470 sorores
787 437 874 470 otia

156 483 279 516 iudicio
295 493 428 527 semper
445 488 563 516 amata
585 493 658 516 meo
675 481 801 524 (Trist.
819 481 874 517 IV

157 528 213 571 10,
230 528 273 562 37
292 532 396 573 sqq.).
437 527 584 563 Otiosus
600 526 714 573 igitur
729 527 768 561 in
783 523 886 561 urbe*

155 572 291 608 mansit
308 573 438 607 ——nisi
467 572 565 617 quod
593 574 767 624 quondam
792 573 877 616 petii

156 619 327 652 studiosus
350 619 501 653 Athenas
525 617 651 660 (Tnst.
669 617 687 652 I
705 618 739 661 2,
757 617 814 660 77)
839 620 875 651 et

156 663 282 698 Macro
305 664 397 698 duce
419 662 533 697 Asiae
562 662 671 697 urbes
694 661 874 697 Siciliam-

182 719 226 743 ue
256 718 408 742 amoeno
442 708 574 742 itinere
635 707 788 744 ercurrit
815 709 887 752 (ens

154 720 262 788 Pont.
288 753 327 788 11
351 754 406 797 10,
430 753 473 787 21
491 762 571 798 sqq.
591 753 599 766 '
626 753 742 787 roiam
763 752 874 787 vidit:

154 799 256 834 Fast.
274 798 329 835 VI
345 798 423 833 423.
472 798 517 833 In
541 798 669 833 Sicilia
690 798 874 844 integrum

155 844 232 880 fere
256 855 389 879 annum
413 844 565 878 mansit:
590 854 633 878 ex
649 843 692 878 P.
711 844 734 878 l.
754 854 783 878 c.
804 843 874 887 29),

155 890 334 970 qUOdffi
356 888 578 933 Sulmonem,
612 889 768 924 fortasse
796 900 887 924 sae-¹

156 936 251 981 pius,
337 935 374 969 di
392 934 447 969 sui
465 934 623 981 negotiis
639 935 776 970 invitus
793 935 874 969 abs-

154 985 293 1016 tractus
324 984 380 1015 est
409 981 504 1025 (Am.
529 980 569 1015 11
592 982 635 1015 16
659 980 705 1015 ef.
731 991 774 1015 ex
795 981 838 1015 P.
856 980 875 1015 I

155 1027 189 1071 8,
205 1026 264 1070 42)
280 1047 326 1052 —
341 1027 380 1061 in
402 1027 492 1061 urbe
514 1026 631 1072 igitur
652 1026 787 1061 mansit
802 1026 874 1062 Ve-

153 1072 234 1107 neri
260 1072 486 1117 Phoeboque
516 1072 671 1106 deditus.
728 1072 875 1107 Otiosus

153 1118 254 1153 nullo
280 1118 388 1153 modo
416 1128 494 1153 rem
548 1117 708 1152 ublicam
736 1117 877 1153 curavit

155 1166 264 1208 (quae
291 1163 425 1198 inertia
457 1174 479 1198 a
565 1163 682 1198 manis
714 1164 875 1198 moribus

154 1208 276 1244 aliena
292 1208 438 1253 fuerat),
462 1209 581 1255 gloria
605 1220 671 1244 sua
688 1213 875 1244 crescente

154 1254 420 1300 delectabatur,
437 1255 527 1289 vixit
542 1254 582 1288 in
598 1255 712 1290 hortis
729 1265 820 1301 quos
837 1255 876 1289 in

152 1300 214 1335 via
231 1299 361 1335 Clodia
377 1300 591 1346 possidebat
607 1301 684 1344 (Tr.
703 1301 734 1345 I,
752 1302 804 1345 11,
818 1301 873 1336 37.

153 1345 208 1382 IV
221 1346 254 1390 8,
267 1346 324 1381 27.
345 1356 387 1381 ex
399 1345 444 1380 P.
458 1346 477 1380 I
489 1345 523 1389 8,
536 1346 606 1390 43),
625 1356 776 1381 amoeno
794 1347 876 1381 aevi

155 1390 211 1426 sui
238 1391 335 1426 vitae
364 1392 464 1426 cultu
490 1391 651 1436 luxuque
683 1403 726 1427 ex
755 1392 875 1426 animo

155 1436 301 1471 deditus
329 1436 390 1481 (cf.
407 1438 494 1471 Art.
520 1447 590 1472 am.
616 1437 674 1472 III
697 1438 763 1473 121
781 1441 875 1484 sqq.)

155 1493 271 1528 eoque
289 1494 399 1528 quam
415 1483 610 1528 plurimum
633 1487 778 1528 poterat
822 1494 874 1518 er-

155 1527 292 1563 fruens.
336 1528 567 1574 Quamquam
583 1533 706 1564 autem
723 1529 781 1563 dif
807 1528 875 1564 cile

155 1573 359 1608 diiudicatu
376 1577 442 1617 est,
464 1584 559 1618 quae
575 1585 660 1609 vere
678 1585 772 1620 quae
790 1574 875 1610 ficte

154 1619 193 1653 in
210 1619 386 1654 Amorum
402 1619 507 1654 libris
520 1620 734 1663 narraverit,
751 1623 875 1655 tamen

153 1664 247 1698 nihil
267 1675 399 1699 causae
417 1668 473 1699 est
490 1676 553 1699 cur
569 1675 640 1699 non
658 1666 773 1699 multa
789 1676 876 1700 vera

153 1710 276 1755 potius
293 1710 497 1754 credamus,
514 1710 732 1756 praesertim
746 1722 828 1746 cum
840 1715 876 1745 et

153 1766 226 1790 uno
255 1759 379 1790 tenore
409 1759 446 1790 et
468 1756 575 1800 quasi
599 1756 730 1802 spiritu
755 1757 876 1791 omnia

154 1800 293 1846 scripta
321 1801 394 1835 sint
417 1804 455 1836 et
478 1812 560 1836 eum
579 1801 671 1836 Arte
696 1802 876 1837 amatoria

153 1846 310 1881 maxime
340 1850 545 1893 congruant
571 1857 640 1882 nee
663 1846 816 1882 Ovidius
843 1848 875 1881 is

153 1891 268 1927 fuisse
286 1891 465 1935 videatur,
489 1892 552 1938 qui
572 1893 726 1927 aliorum
749 1896 874 1938 poeta-

153 1948 233 1972 rum
256 1937 428 1983 operibus
450 1938 488 1972 in
505 1950 609 1972 suum
631 1950 737 1972 usum
759 1938 875 1974 libere

155 1983 408 2018 convertendis
437 1984 591 2030 gloriam
629 1984 699 2018 sibi
732 1984 874 2030 quaesi-

153 2029 258 2063 verit.
273 2049 318 2054 -—
330 2031 447 2064 Paene
466 2031 548 2064 mihi
561 2042 668 2074 puero
690 2042 753 2064 nec
771 2032 875 2075 dz'gsna

155 2087 217 2109 nec
235 2075 328 2109 utilis
344 2087 432 2109 uxor
449 2082 498 2109 est
520 2077 613 2119 (lata,
640 2088 729 2121 quae
746 2082 875 2121 tempus

150 2132 217 2166 per
251 2121 347 2155 breve
379 2127 487 2166 nupta
518 2121 606 2164 ficit,-
637 2123 690 2156 illi
715 2123 875 2156 successit

155 2167 308 2211 quamvis
321 2167 395 2201 sine
409 2168 548 2201 crimine
562 2169 723 2212 coniunx,
741 2180 811 2201 nem
826 2174 874 2201 ta-

154 2223 229 2246 men
239 2213 274 2246 z'n
287 2219 405 2246 nostro
412 2214 517 2258 firma
525 2212 646 2256 futura
662 2219 735 2247 toro
747 2213 873 2256 (Trist.

155 2257 206 2293 IV
228 2258 282 2301 10,
301 2258 344 2292 69
362 2261 467 2303 sqq).
492 2257 655 2299 Quarum
672 2258 788 2293 altera
804 2258 874 2293 Fa-

154 2302 253 2337 liscis
270 2306 350 2338 orta
366 2307 461 2338 erat:
477 2304 561 2338 Am.
579 2304 638 2339 ΠΙ
656 2305 711 2349 13,
729 2305 761 2338 1.
796 2304 876 2346 Quo

155 2348 386 2383 matrimonio
430 2348 464 2384 ei
507 2360 581 2384 non
625 2349 875 2384 satisfaciente

155 2393 256 2429 Naso
283 2394 430 2439 puellae
458 2405 581 2429 amore
609 2395 779 2430 incensus
809 2399 874 2439 est,

156 2449 268 2483 quam
299 2450 371 2473 non
402 2450 488 2475 vero
521 2439 699 2475 Corinnae
731 2440 876 2476 nomine

158 2484 347 2519 celebrans
362 2484 401 2519 in
417 2485 594 2520 Amorum
610 2486 712 2520 libris
731 2486 876 2521 cecinit.

156 2530 331 2565 Exoravit
347 2541 428 2565 eam
444 2530 464 2565 Ι
480 2531 519 2575 33
544 2530 693 2566 ‘virum'
710 2531 748 2574 (i.
767 2542 799 2566 e.
818 2532 876 2566 cui

156 2587 224 2622 per
261 2575 412 2621 aliquod
449 2579 592 2622 tempus
624 2577 766 2619 iuncta,
805 2588 877 2611 non

155 2625 283 2667 nupta,
302 2625 392 2666 erat)
406 2625 442 2656 et
459 2622 647 2657 custodem
664 2622 796 2657 fallens
812 2623 877 2658 illa

158 2667 206 2701 ad
224 2678 306 2702 eum
322 2667 424 2702 venit
441 2667 480 2702 II
498 2668 553 2712 12,
572 2667 618 2703 cf.
637 2668 656 2702 I
673 2669 710 2713 53
733 2668 770 2703 in
794 2679 876 2703 con—

156 2713 254 2748 vivio
277 2724 359 2748 cum
382 2723 427 2748 ea
455 2716 696 2748 conventurus
721 2718 776 2749 est
796 2714 815 2748 I
837 2714 889 2758 43¹

158 2758 387 2794 dubitantem
401 2769 481 2795 eam
489 2759 595 2806 Nape
606 2759 740 2795 ancilla
753 2759 876 2795 venire
886 2751 892 2806 l

886 1176 889 1226 ῑ

1549 221 1616 251 vn

898 309 1009 344 saepe
1033 298 1199 332 hortatur
1221 297 1240 332 I
1257 297 1317 341 113
1347 307 1458 343 saepe
1482 297 1616 332 callida

898 344 1030 380 Ovidio
1047 343 1230 389 repulsam
1247 342 1422 387 dat11193
1440 343 1502 388 qui
1516 343 1616 378 deni-

898 400 980 436 que,
998 388 1154 435 perfidia
1171 388 1248 424 eius
1264 398 1310 423 ne
1324 388 1443 423 celata
1456 388 1615 434 quidem,

897 435 1110 481 indignatus
1128 445 1209 469 eam
1226 434 1431 479 relinquere
1447 434 1541 468 vult:
1558 434 1617 469 111

898 482 953 517 11.
970 482 1021 516 12.
1038 481 1093 516 14.
1126 480 1201 515 Per
1216 490 1316 514 mare
1333 479 1545 525 profectura
1562 483 1618 514 est

897 527 936 561 II
954 528 1014 571 113
1035 526 1214 572 psittacus
1232 525 1310 560 eius
1326 529 1490 560 mortuus
1508 528 1563 560 est
1579 525 1617 560 11

897 573 937 616 63
962 571 1116 607 Ovidius
1139 572 1218 617 ipse
1242 581 1323 605 eam
1339 570 1452 606 fallit:
1476 571 1515 605 Π
1532 571 1564 606 7.
1583 571 1615 606 8.

897 618 1037 661 Aliqua
1059 628 1098 652 se
1117 615 1313 652 Corinnam
1336 627 1415 652 esse
1438 616 1618 662 gloriatur

897 662 936 696 II
954 664 1007 697 17.
1057 662 1163 696 Haec
1185 662 1331 707 aliaque
1359 662 1399 696 in
1420 662 1618 697 Amoribus

897 708 1018 742 vivide
1036 707 1301 741 describuntur.
1336 707 1415 742 Iam
1432 711 1553 742 autem
1571 708 1618 742 ad

898 753 1038 787 maiora
1069 762 1108 786 se
1142 752 1300 787 accinxit
1331 756 1459 797 poeta,
1493 764 1617 798 quam-

899 809 1010 844 quam
1039 797 1214 844 elegiam,
1247 807 1322 842 qua
1352 798 1549 844 praecipue
1580 809 1618 833 se

899 844 1077 879 excellere
1101 843 1250 888 sensit,1
1278 853 1390 889 aegre
1411 844 1616 878 relicturus.

900 889 1063 925 Conlatis
1081 888 1134 924 eis
1151 899 1247 934 quae
1263 889 1347 923 Am.
1366 888 1386 923 1
1403 889 1434 923 1.
1452 889 1491 923 II
1510 890 1541 924 1.
1561 890 1615 924 18.

899 936 957 970 III
975 937 1005 970 1.
1026 935 1079 970 12.
1100 935 1144 971 15
1171 935 1345 981 legimus,
1368 933 1619 981 intellegimus

900 985 937 1016 et
969 981 1114 1027 epicum
1145 991 1291 1015 cannen
1323 984 1360 1015 et
1389 981 1621 1026 tragoediam

900 1027 1095 1071 (Medeam,
1119 1030 1160 1061 ut
1182 1026 1339 1070 videtur)
1368 1025 1402 1061 ei
1429 1026 1469 1061 in
1496 1030 1619 1061 mente

899 1072 1141 1117 manibusque
1164 1071 1289 1115 fuisse,
1312 1082 1385 1107 non
1402 1075 1525 1106 autem
1548 1073 1620 1107 huc

899 1118 1099 1164 praecipue
1129 1128 1212 1153 eum
1240 1117 1362 1152 animo
1389 1116 1621 1153 inclinasse.2

899 1164 1098 1199 Praeterea
1115 1174 1154 1198 se
1170 1164 1209 1198 in
1221 1162 1446 1198 Heroidibus
1459 1164 1620 1198 scriben-

900 1210 956 1244 dis
979 1212 1199 1254 occupatum
1229 1220 1308 1244 esse
1331 1209 1415 1243 Am.
1439 1209 1478 1243 11
1501 1210 1545 1245 18
1566 1209 1619 1244 in-

900 1256 1012 1290 dicat.
1061 1257 1238 1300 Eleyeiam
1254 1265 1340 1289 vero
1356 1254 1567 1300 relinquens
1583 1255 1622 1289 in

899 1301 1027 1336 ultimo
1046 1300 1206 1336 carmine
1219 1300 1277 1335 III
1290 1301 1334 1336 15
1350 1300 1490 1336 maiora
1504 1312 1542 1335 se
1556 1312 1620 1347 ag-

899 1358 1110 1393 gressurum
1128 1350 1256 1392 aperte
1272 1345 1477 1392 profitetur.
1514 1347 1621 1388 Quod

899 1393 1127 1438 plerumque,
1149 1403 1218 1427 nec
1235 1391 1389 1427 fortasse
1412 1402 1618 1437 perperam,

900 1439 946 1473 ad
955 1438 1300 1484 Metamorphoseon
1310 1437 1501 1472 consilium
1508 1438 1620 1473 refer-

898 1488 968 1518 tur.
986 1484 1089 1519 Artis
1099 1485 1194 1519 enim
1203 1483 1414 1528 amatoriae,
1424 1494 1518 1529 quae
1530 1488 1620 1536 tem-

899 1529 1621 1620 mest-‘1552ffifisstlttsstssspssssssffsss

899 1624 1054 1656 metrum
1070 1631 1142 1655 non
1158 1623 1304 1666 poterat
1319 1620 1378 1664 (de
1395 1620 1621 1666 temporibus

900 1667 1126 1712 singulorum
1142 1677 1294 1711 operum
1309 1677 1342 1699 v.
1361 1665 1483 1709 infra).
1501 1686 1548 1692 —

944 1712 1025 1746 lam
1043 1715 1186 1748 tantam
1205 1711 1277 1746 sibi
1296 1711 1452 1757 gloriam
1468 1711 1621 1746 Ovidius

900 1758 1076 1792 Amorum
1107 1757 1210 1791 libris
1245 1760 1538 1802 comparaverat,
1579 1761 1620 1791 ut

899 1806 982 1849 post
1007 1802 1155 1838 Gallum
1179 1802 1368 1837 Tibullum
1385 1802 1620 1848 Propertium

899 1852 1049 1894 quartus
1103 1848 1325 1894 elegicorum
1371 1847 1620 1883 Romanorum

899 1894 1096 1929 haberetur
1113 1893 1238 1936 (Trist.
1257 1893 1297 1928 II
1312 1893 1380 1928 463
1394 1904 1474 1939 sqq.
1492 1894 1547 1930 IV
1564 1896 1620 1937 10,

899 1940 943 1975 53
961 1942 1068 1985 sqq),
1091 1940 1166 1974 iam
1188 1940 1280 1974 Arte
1304 1940 1482 1974 amatoria
1505 1939 1620 1974 ambi-

899 1997 1012 2032 guum
1035 1985 1156 2019 famae
1181 1995 1268 2019 suae
1297 1988 1534 2031 augmentum
1556 1986 1620 2020 ad-

900 2031 1045 2066 diderat
1061 2030 1323 2076 Remediisque
1345 2031 1478 2065 amoris
1501 2035 1620 2066 osten-

900 2078 1018 2122 derat,
1049 2077 1265 2112 exhaustum
1293 2075 1366 2110 sibi
1394 2087 1485 2121 esse,
1516 2078 1620 2122 quid-

900 2123 988 2168 quid
1004 2122 1088 2157 novi
1110 2122 1148 2157 in
1170 2122 1234 2156 illo
1257 2133 1393 2168 genere
1415 2122 1620 2168 producere

899 2172 1039 2214 posset:
1058 2168 1106 2202 ad
1120 2167 1257 2203 seriora
1271 2178 1309 2202 se
1323 2171 1482 2202 verterat
1497 2172 1532 2203 et
1545 2179 1620 2202 man

899 2225 972 2260 gno
1002 2214 1347 2259 Metamorphoseon
1375 2224 1485 2259 opere
1515 2214 1620 2260 quasi

899 2270 1031 2294 novam
1070 2259 1198 2305 epicae
1230 2259 1478 2294 Romanorum
1515 2260 1620 2304 poesi

899 2305 1125 2350 provinciam
1147 2304 1335 2339 adiecerat
1350 2304 1619 2349 Fastommque

900 2351 1090 2386 dimidiam
1105 2354 1247 2396 partem
1260 2352 1368 2394 (quae
1383 2350 1530 2395 quidem
1544 2351 1622 2385 sola

899 2396 1065 2442 perfecta
1089 2400 1156 2439 est)
1180 2395 1463 2440 conscripserat3
1485 2396 1524 2430 in
1541 2396 1619 2442 qui-

901 2443 967 2476 bus
1011 2441 1183 2486 operibus
1226 2441 1382 2475 virtutes
1419 2452 1544 2476 omnes
1582 2442 1621 2476 in

900 2487 1082 2532 prioribus
1106 2486 1326 2532 conspicuae
1351 2486 1507 2530 elucent,
1530 2487 1621 2522 vitia

900 2537 1023 2567 autem
1038 2533 1193 2567 materia
1210 2532 1377 2567 uberiore
1395 2535 1433 2567 et
1454 2532 1619 2568 feliciore

946 2605 960 2628 1
982 2603 1019 2628 cf.
1034 2611 1059 2628 e.
1076 2611 1101 2628 c.
1120 2603 1186 2628 Am.
1200 2603 1244 2628 ῙΠ
1257 2604 1282 2628 1.
1297 2602 1339 2629 15.
1353 2603 1478 2629 Remed.
1493 2603 1543 2629 389
1557 2611 1619 2636 sqq.

900 2638 990 2663 Trist.
1004 2638 1045 2664 1V
1058 2639 1100 2669 10,
1113 2638 1156 2663 54.

946 2672 962 2696 2
981 2672 1150 2698 Saltatoriis
1168 2678 1286 2704 quoque
1310 2673 1562 2703 pantomimorum
1587 2672 1620 2696 li-

900 2706 989 2731 bellis
1014 2706 1229 2738 componendis
1247 2707 1399 2733 Nasonem
1424 2713 1545 2738 operam
1571 2706 1620 2730 de-

901 2740 980 2765 disse
998 2747 1154 2772 perperam
1173 2741 1294 2773 quidam
1312 2743 1508 2773 putaverunt:
1528 2741 1619 2766 Trist-

899 2775 928 2800 11
941 2775 1000 2801 519.
1014 2775 1040 2803 V
1054 2776 1077 2808 7,
1092 2775 1135 2801 25.
