1831 3168
428 228 648 264 AMoRL'M
674 228 768 263 LIB.
797 227 866 262 111.
893 227 922 272 1,
950 226 1066 271 1-11‚
1092 226 1145 261 12.

130 327 220 354 sum
246 309 370 360 levis,
398 317 436 352 et
462 324 626 352 mecum
651 309 755 351 levis
781 316 862 358 cst,
889 323 982 350 mea
1008 323 1127 358 cura,
1154 305 1336 362 Cupido.

187 383 269 409 non
295 382 388 409 sum
413 367 588 408 materia
613 366 758 407 fortior
783 366 875 421 ipsa
900 380 1006 406 mea.

130 425 284 466 rustica
311 424 361 465 sit
388 424 476 465 sinc
503 439 569 465 me
595 423 738 464 lascivi
766 431 899 464 mater
924 421 1113 462 Amoris:

189 481 284 522 huie
311 494 389 535 ego
415 480 588 535 proveni
614 480 710 520 lena
735 493 959 532 comesque
987 478 1103 519 deae.

132 553 257 592 quam
283 544 327 577 tu
352 552 435 577 non
462 536 616 591 poteris
643 536 747 576 duro
773 550 958 577 reserare
985 535 1202 583 cothurno,

189 594 291 635 hacc
317 601 379 634 cst
404 593 617 633 blanditiis
642 593 768 633 ianua
793 593 890 633 laxa
914 592 1031 632 meis.

132 658 169 692 et
198 660 337 691 tamen
363 650 519 691 emerui
544 650 657 704 plus,
684 664 811 703 quam
837 656 900 696 tu,
926 662 1067 702 posse,
1093 646 1267 688 ferendo

188 707 320 748 multa
345 706 567 761 supercilio
593 720 677 746 non
702 705 900 760 patienda
925 714 1009 744 tuo.

133 779 207 818 per
232 778 297 804 me
324 762 498 817 decepto
525 762 669 803 didicit
695 761 867 802 custode
895 758 1082 801 Corinna

189 819 341 860 liminis
369 819 554 859 adstricti
582 818 802 859 sollicitare
827 817 955 857 fidem

133 876 357 929 delabique
383 883 472 915 toro
500 875 641 916 tunica
666 876 803 916 velata
829 874 964 914 soluta

191 941 316 986 atque
341 932 622 987 impercussos
647 940 768 972 nocte
794 944 961 970 movere
987 928 1128 983 pedes.

133 989 199 1031 vel
226 989 419 1043 quotiens
445 988 606 1029 foribus
633 988 745 1028 duris
770 986 901 1027 incisa
928 985 1122 1039 pependi,

189 1060 273 1086 non
298 1045 431 1087 verita
458 1060 481 1085 a
506 1045 662 1099 populo
688 1051 980 1098 praetereunte
1006 1041 1109 1096 legi!

132 1103 233 1156 quin
259 1116 338 1157 ego
363 1117 430 1143 me
455 1101 644 1148 memini,
671 1101 770 1140 dum
797 1107 936 1140 custos
962 1113 1113 1140 saevus
1140 1098 1285 1147 abiret,

190 1159 364 1200 ancillae
389 1158 560 1198 missam
586 1156 798 1198 delituisse
825 1156 932 1196 sinu.

132 1216 253 1270 quid,
280 1230 376 1257 cum
402 1230 468 1255 me
494 1229 646 1254 munus
671 1213 800 1253 natali
825 1212 973 1260 mittis,
1001 1218 1042 1252 at
1066 1211 1137 1252 illa

152 1318 155 1320 ,
189 1271 346 1326 rumpit
371 1279 411 1312 et
437 1270 628 1325 adposita
654 1270 834 1310 barbara
858 1268 1002 1310 mersit
1027 1268 1162 1322 aqua?

132 1328 267 1384 prima
292 1336 389 1369 tuae
414 1327 526 1367 movi
551 1326 689 1368 felicia
714 1326 873 1367 semina
897 1325 1062 1366 mentis.

189 1400 342 1426 munus
368 1384 518 1432 habes,
545 1383 658 1437 quod
684 1391 724 1424 te
748 1383 833 1424 iam
858 1382 959 1437 petit
985 1382 1083 1430 ista,
1110 1381 1277 1422 mcum.’

135 1441 326 1483 desierat.
388 1440 506 1495 coepi
531 1445 626 1495 ‘per
650 1454 724 1481 vos
750 1447 972 1492 utramque
998 1453 1210 1493 rogamus,

190 1499 232 1539 in
257 1512 413 1539 vacuas
439 1512 559 1538 aures
586 1497 715 1538 verba
740 1496 922 1537 timentis
949 1504 1057 1536 eant.

134 1555 264 1596 altera
287 1569 355 1595 me
381 1561 544 1608 sceptro
570 1554 742 1594 decoras
769 1553 936 1605 altoque
963 1551 1185 1592 cothurno:

190 1611 274 1652 iam
299 1624 411 1651 nunc
437 1618 629 1650 contacto
654 1624 834 1664 magnus
860 1608 902 1648 in
928 1623 998 1649 ore
1025 1622 1165 1648 sonus.

135 1669 265 1709 altera
291 1668 364 1708 das
390 1675 532 1707 nostro
560 1666 771 1706 victurum
796 1679 948 1706 nomen
976 1664 1126 1705 amori:

192 1739 292 1779 ergo
319 1723 418 1764 ades
446 1731 486 1764 et
511 1722 646 1777 longis
672 1721 864 1763 versibus
891 1721 998 1762 adde
1024 1721 1186 1762 breves.

135 1781 336 1836 exiguum
361 1779 446 1820 vati
472 1779 674 1827 concede,
700 1778 959 1832 Tragoedia,
986 1785 1170 1831 tempus:

192 1847 237 1878 tu
260 1837 380 1877 labor
405 1844 618 1884 aeternus3
646 1835 759 1888 quod
783 1835 884 1889 petit
910 1835 1002 1883 illa,
1030 1834 1156 1875 breve
1183 1834 1271 1875 est.’

134 1902 248 1935 mota
273 1893 387 1935 dedit
411 1893 590 1934 veniam.
652 1891 783 1933 teneri
809 1898 1085 1946 properentur
1111 1905 1286 1939 amoreS,

193 1951 293 1991 dum
317 1958 458 1991 vacat:
486 1965 510 1990 a
535 1956 653 2004 tergo
678 1948 880 2003 grandius
906 1955 1060 2002 urguet
1085 1961 1204 2002 opus.

791 2050 850 2091 ΙΙ.

137 2121 252 2162 ‘Non
279 2135 357 2175 ego
383 2119 587 2160 nobilium
614 2118 739 2160 sedeo
766 2118 978 2159 studiosus
1005 2131 1207 2170 equorum
1219 2120 1233 2157 :‘

193 2177 261 2217 cui
286 2184 426 2217 tamen
451 2176 543 2230 ipsa
568 2176 705 2222 faves,
732 2175 873 2215 vincat
898 2182 942 2214 ut
968 2174 1055 2221 ille,
1082 2188 1241 2228 precor.

136 2242 182 2274 ut
207 2233 401 2286 loquerer
426 2240 585 2280 tecum,
612 2231 727 2279 veni,
753 2240 977 2283 tecumque
1003 2230 1207 2278 sederem,

194 2305 246 2329 ne
272 2289 348 2329 tibi
372 2303 456 2329 non
481 2296 624 2336 notus,
651 2302 776 2341 quem
802 2287 926 2335 facis,
953 2294 1060 2327 esset
1088 2301 1216 2327 amor.

139 2355 182 2387 tu
209 2360 355 2387 cursus
381 2353 567 2399 spectas,
593 2358 672 2399 ego
697 2351 751 2384 te.
812 2352 1048 2397 spectemus
1074 2350 1264 2396 uterque,

196 2402 309 2455 quod
335 2401 469 2449 iuvat,
496 2409 621 2454 atque
648 2400 791 2441 oculos
816 2407 959 2454 pascat
985 2408 1161 2452 uterque
1187 2413 1297 2440 suos.

139 2475 162 2500 o
189 2459 439 2511 cuicumque
464 2457 581 2498 faves
606 2456 707 2498 felix
732 2457 912 2510 agitator
937 2455 1162 2508 equorum!

197 2529 296 2570 ergo
322 2515 381 2555 illi
407 2529 531 2555 curae
557 2513 731 2567 contigit
757 2528 846 2554 esse
872 2514 994 2553 tuae?

139 2572 219 2613 hoc
244 2571 346 2612 mihi
372 2571 606 2625 contingat:
634 2584 751 2611 sacro
778 2569 828 2610 de
855 2583 1020 2610 carcere
1047 2569 1183 2610 missis

196 2628 385 2669 insistam
412 2627 509 2668 forti
534 2635 672 2668 mente
698 2625 914 2667 vehendus
940 2626 1072 2679 equis,

141 2693 181 2728 et
205 2685 330 2726 modo
356 2685 444 2725 lora
470 2683 599 2731 dabo,
624 2683 749 2724 modo
776 2683 949 2724 verbere
975 2691 1092 2737 terga
1117 2682 1287 2732 notabo,

197 2756 309 2783 nunc
334 2741 537 2796 stringam
562 2747 694 2782 metas
720 2739 914 2781 interiore
939 2747 1042 2780 rota.

1420 221 1501 262 119

1523 545 1565 576 45

1523 829 1565 859 50

1527 1111 1568 1141 55

1528 1394 1569 1425 60

1528 1676 1568 1706 65

1529 1960 1570 1989 70

1532 2638 1572 2669 10
