1831 3168
419 272 572 308 ARTIS
598 273 902 309 AMATORIAE
927 273 1024 308 LIB.
1051 273 1120 308 III.
1146 273 1340 309 400—487.
1488 263 1570 306 187

254 369 332 397 nec
358 354 497 396 brevis
522 354 563 396 in
589 370 717 409 rugas
742 355 904 411 lingula
928 370 1073 411 pressa
1099 371 1214 397 suas:

197 427 275 454 nec
300 421 399 467 toga
425 412 607 467 decipiat
633 413 703 452 filo
729 413 992 460 tenuissima,
1018 427 1095 453 nec
1122 413 1156 453 si
1597 424 1665 453 417>

255 470 406 510 anulus
432 469 472 509 in
500 469 642 523 digitis
668 470 772 510 alter
798 478 837 511 et
863 470 968 510 alter
993 469 1083 511 erit.

196 525 373 566 forsitan
399 541 450 567 ex
477 526 626 566 horum
652 541 827 567 numero
855 526 1109 567 cultissimus
1135 526 1203 567 ille

255 582 323 623 fur
348 583 401 623 sit
426 590 467 624 et
491 591 637 623 uratur
662 583 789 624 vestis
815 595 956 624 amore
982 591 1093 623 tuae.

197 640 344 681 ‘redde
370 639 549 680 meuml’
577 639 759 680 clamant.
784 640 986 694 spoliatae
1012 653 1137 693 saepe
1162 638 1342 694 puellae,

255 696 402 737 ‘redde
429 696 610 737 meuml’
638 704 724 737 toto
750 710 853 737 voce
881 696 1032 737 boante
1059 696 1164 736 foro.
1597 706 1666 736 450

197 753 290 802 has,
317 753 483 802 Venus,
510 767 531 794 e
558 753 724 808 templis
749 753 880 793 multo
906 751 1166 793 radiantibus
1194 765 1296 792 auro

254 811 367 851 lenta
392 810 508 852 vides
534 810 628 851 lites
654 810 958 864 Appiadesque
984 816 1094 850 tuae.

197 876 296 908 sunt
322 881 491 920 quoque
516 881 600 907 non
628 866 757 907 dubia
782 866 989 919 quaedam
1016 866 1128 905 mala
1154 864 1326 905 nomina
1351 863 1484 905 fama:

255 924 454 978 deceptae
481 923 652 964 armillis
679 923 834 964 crimen
863 922 1042 963 amantis
1067 921 1238 962 habent.

197 981 343 1022 discite
370 980 423 1021 ab
450 980 621 1021 alterius
647 980 795 1021 vestris
820 979 1007 1020 timuisse
1034 978 1250 1033 querellis:
1597 990 1666 1020 455

253 1038 381 1078 ianua
406 1037 546 1078 fallaci
571 1051 624 1077 ne
650 1037 702 1077 sit
727 1045 872 1091 aperta
896 1036 999 1076 viro.

194 1094 375 1150 parcite,
403 1092 679 1149 Cecropides,
704 1093 857 1134 iuranti
883 1093 1052 1134 credere
1078 1092 1265 1134 Theseo:

254 1166 359 1205 quos
385 1150 511 1192 faciet
536 1150 674 1199 testis,
699 1150 800 1191 fecit
825 1157 865 1191 et
891 1158 1008 1199 ante,
1035 1149 1149 1191 deos.

197 1216 236 1250 et
263 1209 360 1256 tibi,
387 1207 671 1262 Demophoon
696 1207 852 1248 Thesei·
877 1207 1062 1248 criminis
1088 1206 1224 1255 heres,

252 1265 451 1319 Phyllide
477 1264 655 1319 decepta
678 1264 795 1304 nulla
820 1264 966 1305 relicta
989 1264 1107 1305 fides.
1595 1275 1664 1305 460

196 1322 230 1363 si
257 1322 362 1363 bene
388 1321 651 1376 promittent,
678 1320 852 1362 totidem
878 1321 1107 1377 promittite
1133 1320 1293 1362 verbis:

253 1379 285 1419 si
313 1378 522 1427 dederint,
550 1386 592 1419 et
616 1392 690 1419 vos
715 1378 873 1433 gaudia
897 1385 1021 1433 pacta
1046 1378 1156 1418 date.

194 1436 266 1477 illa
290 1443 429 1491 potest
453 1434 601 1490 vigiles
627 1435 817 1476 flammas
844 1435 1093 1490 extinguere
1119 1435 1278 1476 Vestae

253 1501 293 1534 et
317 1507 465 1547 rapere
491 1508 513 1534 e
538 1492 724 1546 templiS‚
751 1492 918 1541 Inachi,
946 1506 1064 1533 sacra
1089 1491 1186 1541 tuis,

197 1558 238 1591 et
264 1550 363 1591 dare
388 1549 521 1590 mixta
545 1549 634 1590 viro
661 1548 767 1589 tritis
793 1549 960 1590 aconita
985 1549 1146 1597 cicutis,
1597 1559 1664 1589 455

254 1615 426 1661 accepto
451 1606 663 1647 Venerem
687 1620 860 1647 munere
886 1606 1007 1659 siqua
1032 1613 1172 1660 negat.
1198 1629 1256 1634 —-

197 1663 279 1705 fert
305 1664 468 1704 animus
494 1662 667 1717 propius
695 1662 933 1704 consistere.
994 1661 1208 1717 supprime
1234 1661 1435 1710 habenas,

255 1720 404 1768 Musa,
430 1734 508 1760 nec
534 1718 726 1760 admissis
753 1719 966 1760 excutiare
993 1719 1107 1759 rotis.

197 1777 329 1818 verba
353 1777 510 1817 vadum
536 1784 739 1830 temptent
767 1776 957 1831 abiegnis
985 1777 1139 1831 scripta
1164 1775 1348 1817 tabellis:

255 1834 430 1889 accipiat
456 1832 605 1873 missas
631 1841 728 1887 apta
753 1833 943 1874 ministra
967 1841 1101 1874 notas.
1597 1845 1668 1875 470

195 1891 368 1945 inspice.
429 1890 627 1944 quodque
652 1891 790 1944 leges,
817 1905 869 1931 ex
895 1890 996 1945 ipsis
1024 1890 1174 1945 collige
1199 1889 1354 1938 verbis,

252 1950 404 2003 fingat,
430 1962 484 1988 an
510 1962 562 1988 ex
588 1946 727 1987 animo
753 1947 1040 2001 sollicitusque
1065 1956 1198 2001 roget.

194 2013 373 2061 postque
399 2004 570 2046 brevem
596 2004 780 2045 rescribe
806 2018 980 2045 moram.
1042 2018 1159 2044 mora
1185 2018 1351 2058 semper
1377 2009 1565 2044 amantes

252 2061 417 2111 incitat,
445 2061 646 2116 exiguum
672 2061 706 2101 si
731 2061 856 2102 modo
882 2069 1050 2116 tempus
1075 2060 1216 2102 habet.

196 2119 270 2162 sed
295 2132 433 2172 neque
458 2126 498 2160 te
523 2118 690 2159 facilem
716 2118 860 2159 iuveni
883 2118 1080 2172 promitte
1105 2117 1285 2173 roganti,
1597 2131 1663 2160 475

252 2190 330 2217 nec
355 2183 496 2216 tamen
521 2190 543 2216 e
570 2175 694 2224 duro,
721 2175 835 2228 quod
859 2175 963 2230 petit
986 2175 1074 2224 ille,
1100 2190 1224 2230 nega.

195 2233 263 2274 fac
288 2232 434 2273 timeat
457 2239 679 2286 speretque
704 2232 846 2280 simul,
874 2232 1153 2285 quotiensque
1177 2231 1377 2279 remittes,

253 2303 432 2344 spesque
457 2288 593 2342 magis
618 2287 760 2328 veniat
785 2296 899 2328 certa
922 2288 1143 2342 minorque
1169 2295 1320 2329 metus.

196 2345 373 2393 munda,
400 2344 474 2385 sed
499 2359 521 2385 e
548 2344 685 2385 medio
711 2352 996 2397 consuetaque
1021 2344 1169 2393 verba,
1193 2344 1375 2399 puellae,

254 2401 436 2443 scribite.
497 2400 699 2442 sermonis
724 2400 894 2455 publica
919 2402 1054 2442 forma
1079 2402 1229 2456 placet.
1595 2414 1665 2444 480

198 2459 240 2500 a!
268 2458 461 2512 quotiens
488 2457 641 2498 dubius
667 2457 832 2512 scriptis
859 2458 1012 2498 exarsit
1039 2466 1215 2506 amator,

255 2526 294 2556 et
320 2514 463 2556 nocuit
487 2514 648 2555 formae
674 2514 854 2555 barbara.
877 2514 1024 2569 lingua
1048 2514 1202 2555 bonae!

199 2573 272 2614 sed
297 2571 517 2626 quoniam,
543 2570 736 2625 quamvis
761 2571 889 2612 vittae
916 2571 1091 2612 careatis
1117 2571 1289 2621 honore,

256 2638 319 2670 est
343 2628 463 2669 vobis
489 2638 650 2669 vestros
676 2628 821 2669 fallere
848 2642 949 2669 cura
975 2628 1100 2677 viros,

199 2685 374 2727 ancillae
398 2684 602 2740 puerique
627 2699 757 2725 manu
781 2692 973 2740 perarate
999 2685 1189 2726 tabellas.
1595 2698 1662 2728 485

256 2742 434 2798 pignora
458 2756 536 2783 nec
560 2756 692 2797 puero
718 2741 876 2783 credita
900 2750 1040 2783 vestra
1065 2743 1174 2783 volo.

200 2799 285 2841 vidi
311 2813 390 2854 ego
414 2798 596 2841 fallentis
620 2798 700 2840 isto
725 2806 881 2840 terrore
906 2799 1068 2854 puellas
