1831 3168
428 228 581 264 ARTIS
607 228 911 264 AMATORIAE
937 228 1032 262 LIB.
1060 228 1106 262 11.
1136 227 1328 262 358—445.

253 325 328 366 pro
353 317 453 351 nata
479 309 674 365 Chrysen
699 325 783 352 non
808 310 989 351 valuisse
1016 325 1110 350 sua:

197 368 406 416 audierat,
432 367 632 422 Lyrnesi,
659 375 774 417 tuos,
800 367 1001 416 abducta,
1028 367 1206 416 dolores,

254 424 449 478 bellaque
474 439 549 479 per
574 424 707 479 turpis
732 424 898 479 longius
925 424 1006 464 isse
1032 437 1183 464 moras.

197 480 302 522 hacc
327 488 467 522 tamen
494 480 696 522 audierat.
757 480 999 522 Priamc'ida
1024 480 1185 521 viderat
1209 479 1362 534 ipsam:

254 537 388 579 victor
413 546 502 579 erat
526 538 707 592 praedae
732 538 890 592 praeda
915 536 1113 592 pudenda
1139 551 1251 577 suae.

196 594 294 636 inde
321 594 609 648 Thyestiaden
635 594 773 635 animo
800 594 1068 647 thalamoque
1094 593 1265 647 recepit,

255 658 295 692 et
319 652 429 692 male
454 659 699 706 peccantem
725 650 934 705 Tyndaris
960 651 1049 690 ulta
1073 649 1224 690 virum.

196 722 306 762 quae
332 707 439 749 benc
465 708 632 756 celaris‚
658 708 802 762 siquae
828 716 968 748 tamen
994 714 1087 747 acta
1111 706 1331 760 patebunt,

254 765 344 813 illa,
371 764 467 806 licet
492 772 682 819 pateant,
708 773 753 805 tu
779 772 919 805 tamen
945 777 1080 816 usque
1105 776 1228 817 nega.

197 828 286 862 tum
312 835 449 875 neque
475 821 708 870 subiectus,
736 821 856 862 solito
882 834 959 861 nec
985 819 1179 860 blandior
1203 826 1311 860 esto:

254 878 358 919 haec
384 878 512 918 animi
537 878 715 919 multum
742 877 863 932 signa
886 876 1074 917 nocentis
1100 875 1275 916 habent:

198 935 273 976 scd
297 934 417 976 lateri
443 950 495 976 nc
520 949 645 990 parce
671 942 755 975 tuo.
817 949 898 988 pax
924 932 1059 973 omnis
1085 932 1127 973 in
1152 946 1236 972 uno
1263 939 1325 972 cst

254 991 500 1033 concubitu:
528 991 642 1056 prior
667 999 729 1032 est
752 990 971 1031 infitianda
995 990 1157 1031 Venus.
1182 1013 1240 1017 —

198 1055 315 1097 sunt,
342 1048 414 1102 qui
439 1048 697 1103 praecipiant
722 1047 894 1095 he1bas‚
920 1046 1124 1095 satureia,
1149 1045 1339 1087 nocentis

254 1120 432 1146 sumele.
492 1105 658 1146 iudiciis
683 1105 762 1145 ista
786 1119 949 1145 venena
973 1103 1091 1144 meis.

196 1169 268 1202 aut
293 1162 412 1216 piper
435 1162 593 1203 urticae
618 1161 826 1202 mordacis
851 1160 1010 1201 semine
1035 1160 1214 1201 miscent

253 1219 434 1272 tritaque
460 1218 502 1259 in
528 1232 686 1259 annoso
712 1218 822 1259 flava
846 1217 1047 1273 pyrethra
1070 1232 1203 1258 mero.

195 1275 269 1316 sed
295 1275 374 1316 dea
398 1289 482 1316 non
506 1275 663 1329 patitur
688 1275 747 1316 sic
773 1274 826 1315 ad
852 1289 929 1315 sua
952 1274 1110 1329 gaudia
1137 1273 1245 1328 cogi,

252 1332 358 1372 colle
384 1332 462 1372 sub
488 1332 686 1373 umbroso
711 1345 839 1385 quam
864 1339 975 1372 tenet
1003 1331 1112 1371 altus
1139 1330 1270 1385 Eryx.

194 1388 419 1437 candidus,
446 1388 644 1430 Alcathoi
669 1389 742 1443 qui
767 1388 946 1429 mittitur
970 1388 1075 1428 urbe
1100 1387 1298 1441 Pelasga,

251 1445 407 1486 bulbus
433 1454 474 1487 et
498 1460 550 1487 ex
576 1445 696 1487 horto
723 1460 831 1500 quae
857 1445 972 1486 venit
996 1445 1128 1486 herba
1153 1444 1284 1492 salax,

196 1515 248 1541 ov
253 1515 360 1555 aque
385 1510 618 1551 sumantur,
646 1511 865 1543 sumantur
889 1502 1111 1556 Hymettia
1136 1501 1274 1549 mella,

252 1572 443 1612 quasque
469 1559 563 1599 tulit
587 1559 688 1600 folio
713 1560 837 1614 pinus
864 1568 987 1599 acuta
1010 1572 1155 1599 nuces.

197 1615 346 1664 docta,
372 1615 474 1668 quid
500 1615 553 1656 ad
578 1616 785 1670 magicas,
810 1615 964 1664 Erato,
992 1614 1220 1656 deverteris
1248 1613 1383 1655 arste0

253 1671 424 1713 interior
449 1685 573 1712 curru
598 1680 711 1713 meta
735 1672 910 1713 terenda
935 1685 1028 1712 meo
1055 1678 1130 1712 est.

196 1728 270 1782 qui
296 1728 422 1769 modo
449 1728 616 1770 celabas
641 1728 802 1770 monitu
826 1737 899 1769 tua
924 1728 1098 1769 crimina
1123 1734 1278 1776 nostro,

254 1785 371 1826 flecte
397 1785 475 1826 iter
500 1794 541 1826 et
564 1785 726 1826 monitu
753 1786 903 1840 detege
928 1785 1041 1826 furta
1065 1799 1173 1825 meo.

197 1856 274 1884 nec
299 1842 448 1883 levitas
474 1842 685 1897 culpanda
709 1857 804 1884 mea
828 1850 903 1883 est.
962 1856 1047 1882 non
1073 1855 1238 1896 semper
1264 1840 1412 1881 eodem

251 1899 469 1953 impositos
494 1907 619 1940 vento
645 1899 785 1954 panda
810 1899 952 1940 carina
976 1898 1104 1940 vehit.

193 1970 292 1997 nam
316 1955 443 1996 modo
468 1955 664 1997 Threicio
690 1956 837 2003 borea,
862 1955 988 1996 modo
1014 1954 1221 1996 currimus
1247 1968 1362 2003 e1ro,

251 2027 376 2067 saepe
401 2019 565 2053 tument
589 2012 774 2067 zephyro
800 2012 948 2061 lintea,
975 2027 1100 2067 saepe
1126 2020 1239 2052 n0t0.

194 2069 358 2124 aspice,
410 2076 456 2109 ut
480 2068 523 2110 in
549 2084 674 2110 curru
698 2070 824 2110 modo
851 2069 923 2111 det
947 2069 1155 2110 fluitantia
1179 2076 1316 2109 rector

250 2127 358 2173 lora,
384 2125 509 2166 modo
535 2126 740 2167 admissos
766 2134 854 2168 arte
878 2133 1058 2168 retentet
1082 2139 1226 2179 equos.

195 2190 291 2223 sunt
316 2182 469 2235 quibus
494 2183 659 2237 ingrate
683 2183 830 2224 timida
855 2183 1118 2237 indulgentia
1145 2181 1284 2229 servit,

253 2246 315 2287 et,
342 2238 377 2279 si
400 2239 517 2279 nulla
542 2239 686 2280 subest
711 2240 896 2288 aemula,
922 2240 1097 2294 languet
1122 2252 1252 2278 amor.

195 2294 412 2336 luxuriant
436 2295 565 2335 animi
589 2295 715 2336 rebus
740 2295 989 2350 plerumque
994 2273 1224 2343 &secundia

254 2365 332 2393 nec
357 2351 480 2392 facile
505 2359 567 2392 cst
593 2365 729 2405 aequa
754 2352 976 2393 commoda
1000 2359 1140 2393 mente
1164 2351 1265 2406 pati.

197 2416 244 2449 ut
267 2407 372 2449 levis
399 2407 634 2463 absumptis
658 2408 863 2463 paulatim
888 2408 1083 2449 viribus
1073 2408 1182 2463 ignis

253 2465 344 2519 ipse
368 2465 470 2505 latet
492 2488 550 2494 —
573 2479 738 2506 summo
764 2472 886 2507 canet
910 2465 952 2506 in
978 2466 1076 2520 igne
1102 2464 1301 2513 cinis,—

197 2521 272 2563 sed
296 2529 438 2562 tamen
463 2521 668 2563 extinctas
693 2521 863 2564 admoto
889 2522 1059 2578 sulpure
1084 2522 1275 2563 flammas

254 2578 432 2627 invenit,
460 2586 500 2619 et
524 2578 680 2628 lumen,
706 2579 821 2632 quod
846 2579 926 2620 fuit
951 2586 1067 2628 ante,
1094 2578 1218 2620 redit:

198 2635 277 2684 sic,
302 2634 376 2675 ubi
400 2635 522 2689 pigra
547 2635 628 2676 situ
654 2649 886 2689 securaque
911 2644 1082 2691 pectora
1106 2642 1286 2690 torpent,

256 2691 423 2732 acribus
449 2699 511 2733 est
536 2692 715 2733 stimulis
740 2692 968 2734 eliciendus
994 2707 1123 2734 amor.

198 2747 267 2789 fac
291 2748 434 2790 timeat
460 2748 511 2790 de
536 2756 596 2798 te,
621 2748 891 2804 tepidamque
915 2749 1121 2792 recalface
1146 2756 1349 2791 mentem:

1486 217 1566 259 169

1592 493 1657 522 405

1593 775 1659 805 410

1595 1058 1660 1088 415

1597 1342 1663 1373 420

1595 1909 1662 1941 430

1595 2194 1661 2224 435

1597 2479 1663 2510 440

1595 2764 1661 2793 445
