1831 3168
352 263 435 307 132
806 273 848 307 P.
877 273 1021 309 ovlm
1048 272 1264 309 NASONIS

350 370 477 396 aurea
502 361 743 396 sanctorum
769 354 999 410 potuissent
1026 355 1183 410 templa
1208 355 1383 396 deorum

407 427 547 459 urere,
573 425 681 464 quae
707 419 871 452 tantum
898 411 1132 453 sustinuere
1158 412 1291 452 nefas.

280 482 322 511 45
350 468 500 509 avertit
524 468 682 517 vultus,
709 467 859 522 Erycis
885 482 993 522 quae
1019 468 1206 523 possidet
1232 483 1369 510 arces:

406 531 503 565 sunt
527 538 715 578 quoquc,
743 525 813 578 qui
840 525 1033 566 lacrimas
1060 525 1316 567 continuisse
1341 534 1512 579 negant.

348 581 422 622 sed
448 589 588 622 tamen
613 581 694 622 hoc
719 582 886 631 melius,
911 596 1040 646 quam
1065 582 1099 622 si
1124 582 1338 623 Phaeacia
1363 583 1485 624 tellus

405 638 596 692 ignotum
621 638 693 679 vili
720 638 1007 694 supposuisset
1035 638 1176 679 humo.

347 693 445 735 hinc
471 702 582 736 certe
607 695 798 736 madidos
823 695 1024 751 fugientis
1050 696 1202 750 pressit
1230 696 1384 737 ocellos

278 765 321 796 50
403 758 538 793 mater
562 758 603 793 et
626 752 669 792 in
695 752 856 794 cineres
882 753 1030 793 ultima
1056 753 1166 793 dona
1192 753 1307 793 tulit:

346 807 444 849 hinc
470 823 587 850 soror
609 809 653 849 in
677 817 839 864 partem
864 809 1017 851 misera
1042 823 1138 850 cum
1163 817 1297 851 matre
1323 809 1476 850 doloris

404 865 520 906 venit
544 865 757 907 inornatas
784 866 983 907 dilaniata
1009 881 1169 908 comas:

349 936 529 976 cumque
555 923 636 963 tuis
663 938 738 963 sua
762 923 989 964 iunxerunt
1014 923 1292 976 Nemesisque
1317 923 1513 978 priorque

403 980 566 1029 oscula,
591 994 669 1020 nec
695 980 804 1021 solos
831 980 1057 1021 destituere
1082 994 1220 1034 rogos.

278 1048 319 1079 55
349 1034 473 1077 Delia
498 1036 757 1078 descendens
783 1037 986 1078 ‘felicius’
1012 1037 1148 1090 inquit
1174 1041 1333 1077 ‘amata

405 1108 498 1133 sum
524 1093 618 1134 tibi:
645 1093 803 1142 vixisti,
831 1094 932 1134 (lum
957 1101 1055 1134 tuus
1080 1093 1191 1148 ignis
1217 1093 1359 1134 eram.’

347 1150 415 1190 cui
439 1150 632 1191 Nemesis
658 1150 797 1204 ‘quid'
825 1151 881 1191 ait
908 1151 1002 1191 ‘tibi
1028 1158 1125 1192 sunt
1149 1165 1244 1191 mea
1268 1150 1423 1192 damna
1451 1150 1610 1192 dolori?

401 1221 469 1247 me
495 1207 628 1248 tenuit
652 1207 834 1249 moriens
860 1208 1079 1249 deficiente
1104 1207 1260 1248 manu.’

346 1263 379 1303 si
404 1271 544 1304 tamen
571 1279 593 1305 e
617 1264 737 1305 nobis
764 1264 923 1317 aliquid
947 1264 1027 1304 nisi
1051 1279 1205 1305 nomen
1232 1271 1271 1305 et
1296 1265 1448 1306 umbra

278 1332 320 1363 60
400 1327 548 1369 restat,
573 1321 617 1361 in
642 1321 789 1376 Elysia
814 1321 922 1362 valle
947 1321 1142 1362 Tibullus
1169 1321 1258 1362 erit.

345 1377 495 1418 obvius
521 1377 619 1419 huic
644 1378 809 1427 venias,
835 1377 1025 1419 hedera
1015 1393 1085 1418 luv
1090 1378 1226 1418 enalia
1252 1377 1411 1418 cinctus

402 1441 593 1489 tempoia
618 1449 714 1476 cum
743 1433 896 1484 Calvo,
923 1435 1043 1476 docte
1071 1433 1260 1483 Catulle,
1287 1442 1379 1483 tuo;

344 1497 390 1531 tu
415 1505 603 1544 quoque,
630 1492 664 1532 si
689 1492 843 1532 falsum
868 1499 931 1532 est
955 1491 1145 1533 temerati
1171 1466 1329 1532 crimen
1354 1491 1489 1539 amici,

402 1547 621 1603 sanguinis
647 1556 772 1602 atque
798 1548 961 1589 animae
986 1548 1162 1603 prodige
1189 1547 1314 1589 Galle
1340 1555 1450 1589 tuae.

277 1616 318 1647 65
344 1603 408 1645 his
434 1618 574 1646 comes
601 1605 751 1645 umbra
770 1612 842 1646 tua
864 1612 939 1646 est.
977 1605 1097 1658 siqua
1118 1611 1180 1646 est
1198 1605 1324 1645 modo
1345 1605 1529 1660 corporis
1550 1605 1715 1656 umbra,

402 1661 556 1702 auxisti
580 1676 798 1710 numeros,
825 1662 940 1703 culte
960 1661 1150 1710 Tibulle,
1176 1661 1281 1716 pios.

345 1732 441 1759 ossa
465 1718 625 1772 quieta,
651 1733 812 1773 precor,
838 1725 929 1759 tuta
953 1718 1202 1772 requiescite
1226 1718 1269 1758 in
1294 1733 1413 1768 urna,

402 1782 443 1817 et
467 1775 520 1816 sit
545 1775 700 1816 humus
726 1775 855 1817 cineri
879 1789 963 1816 non
989 1789 1166 1816 onerosa
1190 1774 1282 1815 tuo!

998 1922 1060 1963 X.

344 2002 504 2043 Annua
528 2010 734 2044 venerunt
761 2001 948 2045 Cerealis
974 2010 1165 2057 tempora
1190 2003 1316 2044 sacri:

402 2058 611 2099 secubat'
600 2075 644 2100 111
668 2074 803 2100 vacuo
829 2060 918 2100 sola
942 2060 1084 2114 puella
1108 2067 1211 2100 tolo.

344 2115 454 2156 flava
480 2113 630 2165 Celes,
656 2124 802 2158 tenues
830 2116 954 2171 spicis
980 2116 1173 2157 redimita
1198 2116 1386 2171 capillos,

401 2185 476 2212 cur
498 2172 663 2214 inhibes
690 2173 818 2214 saciis
845 2173 1065 2214 commoda
1090 2180 1231 2213 nostia
1258 2173 1365 2213 tuis?

299 2243 318 2272 5
344 2235 404 2277 te,
431 2228 528 2277 dea,
555 2229 798 2271 munificam
823 2238 970 2284 gentes
996 2230 1239 2283 ubiquaque
1265 2230 1478 2270 locuntur:

401 2300 479 2327 nec
503 2286 642 2327 minus
666 2286 862 2328 humanis
886 2287 1046 2328 invidet
1071 2287 1158 2327 ulla
1184 2286 1317 2327 bonis.

344 2349 440 2383 ante
465 2358 544 2385 nec
568 2342 718 2384 hirsuti
743 2344 958 2386 torrebant
983 2343 1096 2384 farra
1120 2343 1271 2392 coloni,

400 2413 478 2441 nec
502 2407 649 2441 notum
674 2401 794 2443 terris
819 2416 917 2442 area
940 2415 1093 2441 nomen
1119 2408 1226 2441 erat:

344 2456 419 2497 sed
443 2456 641 2511 glandem
667 2472 867 2512 quercus,
893 2458 1063 2499 oracula
1087 2457 1241 2511 prima,
1266 2456 1477 2498 ferebant:

278 2527 319 2557 10
401 2513 505 2554 haec
531 2522 638 2563 erat,
665 2523 706 2556 et
731 2515 863 2556 teneri
889 2514 1057 2569 cespitis
1083 2514 1233 2563 herba,
1261 2514 1392 2555 cibus.

343 2570 478 2623 prima
505 2569 635 2613 Ceres
662 2571 804 2613 docuit
828 2579 1068 2627 turgescere
1095 2585 1237 2612 semen
1262 2570 1306 2611 in
1332 2570 1443 2626 agris

401 2627 509 2668 falce
535 2629 740 2669 coloratas
767 2628 1065 2682 subsecuitque
1091 2642 1253 2669 comas:

344 2682 479 2736 prima
502 2684 613 2738 iugis
639 2693 781 2726 taulos
808 2700 1045 2741 supponere
1071 2685 1178 2725 colla
1203 2683 1341 2738 coegit

402 2747 444 2780 et
468 2748 653 2782 veterem
679 2756 807 2783 cuivo
834 2743 957 2783 dente
982 2756 1054 2782 ιω
1059 2741 1144 2782 ellit
1169 2740 1358 2781 humum.

277 2810 317 2840 15
343 2795 452 2837 hanc
476 2796 700 2851 quisquam
725 2799 907 2840 lacrimis
933 2798 1078 2840 laetali
1104 2797 1235 2839 credit
1260 2803 1475 2838 amantum
