1831 3168
312 207 399 250 204
770 216 814 251 Ρ.
842 215 988 252 OVIDI
1013 214 1230 251 NASONIS

369 297 522 340 omnia.
581 312 679 353 pars
703 297 878 339 minima
903 304 966 339 est
990 297 1082 353 ipsa
1106 298 1246 353 puella
1271 297 1349 339 sui.

220 369 285 400 345
312 370 437 410 saepe
463 354 536 396 ubi
562 354 634 403 sit,
660 355 775 409 quod
801 369 935 403 ames,
960 355 1069 396 inter
1092 363 1178 395 tam
1205 354 1336 396 multa
1362 355 1563 408 requiras.

371 411 525 466 decipit
551 411 630 453 hac
656 412 800 453 oculos
826 412 975 467 aegide
1002 412 1119 453 dives
1146 412 1293 452 Amor.

312 469 564 523 improvisus
591 468 710 510 ades:
736 468 970 523 deprendes
996 476 1111 510 tutus
1136 468 1357 510 inermem:

368 525 515 566 infelix
540 525 650 566 vitiis
677 525 843 567 excidet
867 525 939 566 illa
963 525 1062 566 suis.

312 596 395 623 non
420 589 560 624 tamen
587 581 684 623 huic
714 582 890 623 nimium
916 589 1141 638 praecepto
1168 582 1337 624 credere
1364 590 1501 624 tutum
1527 591 1607 625 cst:

221 652 287 683 350
369 638 477 680 fallit
502 639 613 681 enim
639 639 795 680 multos
820 639 958 680 forma
982 639 1070 681 sine
1097 646 1184 681 arte
1210 639 1376 681 decens.

313 703 401 736 tum
427 710 615 750 quoque,
642 696 885 751 compositis
911 710 1007 738 cum
1033 695 1206 738 conlinit
1231 710 1304 737 ora
1328 697 1514 745 venenis,

370 753 422 793 ad
449 753 643 795 dominae
670 753 810 795 vultus
835 777 892 782 —
916 767 993 795 nec
1019 753 1155 808 pudor
1180 753 1318 795 obstet
1341 777 1398 782 —
1422 768 1505 795 eas.

312 810 491 864 pyxidas
516 810 704 852 invenies
730 818 770 852 et
794 825 934 852 rerum
960 810 1073 851 mille
1100 810 1273 859 colores,

369 874 409 908 et
434 867 562 908 flucre
588 867 631 908 in
656 867 818 922 tepidos
845 882 1004 922 oesupa
1028 868 1148 922 lapsa
1173 867 1301 908 sinus.

222 936 288 967 355
314 923 384 964 illa
409 930 502 964 tuas
527 924 736 974 redolent,
761 924 948 972 Phineu,
974 923 1254 965 medicamina
1278 938 1463 965 mensas:

368 995 452 1021 non
479 982 607 1022 semel
633 981 730 1023 hinc
756 982 971 1023 stomacho
996 995 1155 1022 nausea
1179 981 1292 1022 facta
1315 995 1410 1022 meo
1436 988 1511 1022 est.
1537 1004 1594 1010 —

311 1052 424 1078 nunc
450 1037 525 1078 tibi
551 1052 658 1092 quae
684 1038 823 1080 medio
848 1038 1028 1080 Veneris
1054 1045 1317 1093 praestemus
1342 1037 1385 1078 in
1409 1052 1504 1086 usu,

369 1094 554 1148 eloquar.
615 1109 667 1136 ex
693 1095 806 1136 omni
831 1102 894 1136 est
918 1103 1035 1149 parte
1061 1095 1275 1150 fugandus
1302 1108 1432 1135 amor.

311 1151 443 1216 multa
469 1151 638 1205 quidem
665 1166 717 1193 ex
742 1152 822 1193 illis
847 1152 984 1206 pud01
1008 1160 1070 1193 est
1096 1132 1197 1192 1ιῖἰίῑὶ
1224 1151 1380 1193 dicer:e
1408 1150 1481 1194 sed
1507 1158 1553 1192 tu

219 1221 286 1251 360
367 1208 536 1263 ingenio
562 1208 701 1250 verbis
728 1208 900 1263 concipe
925 1209 1047 1264 plu1a
1071 1208 1188 1249 meis

310 1279 445 1320 nuper
469 1265 579 1306 enim
604 1273 769 1307 nostros
794 1265 966 1319 quidam
992 1279 1184 1320 calpsere
1209 1265 1387 1314 libellos,

367 1335 548 1375 quorum
575 1336 752 1364 censura
776 1322 906 1363 BIusa
930 1330 1126 1377 proterva
1151 1336 1245 1363 mea
1271 1329 1345 1362 est.

311 1379 539 1420 dummodo
565 1378 624 1420 sic
649 1380 858 1434 placeam,
885 1379 987 1420 dum
1013 1386 1099 1419 toto
1126 1387 1269 1419 canter
1293 1379 1335 1419 in
1361 1378 1475 1426 orbe,

367 1435 481 1489 quod
506 1436 637 1485 volet,
662 1437 898 1491 inpugnent
922 1450 1032 1476 unus
1058 1442 1099 1476 et
1124 1435 1248 1484 alter,
1275 1449 1393 1490 opus.

217 1505 283 1536 365
309 1491 526 1547 ingenium
552 1493 697 1548 magni
724 1493 831 1534 livor
856 1493 1059 1534 detractat
1086 1491 1282 1533 Homeri:

365 1549 556 1603 quisquis
582 1565 645 1599 es,
673 1565 725 1591 ex
749 1550 839 1599 illo,
867 1549 1003 1599 Zoile,
1028 1563 1182 1590 nomen
1208 1548 1352 1589 habes.

310 1612 350 1647 et
376 1615 449 1647 tua
475 1606 704 1662 sacrilegae
729 1606 941 1647 laniarunt
965 1605 1153 1647 carmina
1177 1605 1360 1660 linguae,

365 1663 535 1717 pertulit
561 1663 644 1704 huc
669 1664 800 1705 victos
826 1677 909 1718 quo
936 1663 1042 1704 duce
1068 1662 1198 1703 Troia
1225 1662 1338 1704 deos.

309 1734 474 1760 summa
498 1720 602 1775 petit
627 1720 751 1761 livor:
777 1721 955 1776 perflant
981 1719 1184 1761 altissima
1208 1719 1342 1760 venti:

216 1789 284 1820 370
365 1792 530 1818 summa
555 1785 705 1832 petunt
731 1778 878 1819 dextra
903 1777 1081 1818 fulmina
1106 1776 1235 1817 missa
1261 1776 1387 1817 Iovis.

309 1840 350 1874 at
376 1841 440 1882 tu,
467 1834 723 1888 quicumque
751 1850 814 1883 es,
841 1849 965 1888 quem
992 1843 1134 1874 nostra
1159 1833 1327 1875 licentia
1351 1832 1492 1881 laedit,

366 1890 399 1930 si
426 1890 558 1945 sapis,
585 1891 638 1931 ad
663 1905 859 1932 numeros
886 1891 1009 1944 exige
1035 1890 1221 1943 quidque
1247 1904 1358 1930 suos.

308 1946 434 1987 fortia
458 1947 660 1989 Maeonio
685 1948 873 2002 gaudent
897 1947 1004 2002 pede
1030 1947 1141 1987 bella
1165 1946 1332 1987 referri:

366 2003 525 2044 deliciis
551 2004 634 2044 illic
660 2004 754 2057 quis
780 2004 895 2045 locus
922 2018 1013 2045 esse
1038 2005 1202 2057 potest?

218 2074 282 2104 375
309 2060 469 2115 grande
495 2068 643 2101 sonant
670 2060 837 2116 tragici:
864 2060 1046 2114 tragicos
1073 2059 1191 2101 decet
1217 2059 1277 2100 ira
1304 2059 1543 2101 cothurnos,

365 2117 514 2158 usibus
541 2132 563 2159 e
589 2117 738 2159 mediis
764 2131 911 2158 soccus
937 2116 1156 2158 habendus
1183 2116 1272 2157 erit.

308 2174 415 2215 liber
439 2174 482 2214 in
507 2174 706 2216 adversos
732 2174 873 2216 hostes
899 2174 1128 2228 stringatur
1153 2173 1332 2221 iambus,

366 2245 441 2272 seu
467 2230 590 2280 celer,
617 2239 852 2273 extremum
878 2246 952 2272 seu
977 2230 1113 2271 trahat
1140 2230 1209 2271 ille
1234 2229 1400 2285 pedem.

307 2287 464 2328 blanda
487 2287 750 2342 pharetratos
777 2288 938 2343 elegeia
963 2294 1104 2329 cantet
1129 2287 1325 2336 Amores,

216 2359 282 2390 380
365 2352 406 2386 et
430 2345 534 2386 levis
560 2345 731 2386 arbitrio
757 2345 875 2386 ludat
901 2344 1037 2386 amica
1062 2358 1152 2385 suo.

308 2400 559 2443 Callimachi
584 2402 768 2444 numeris
795 2417 879 2443 non
904 2409 966 2444 est
991 2401 1194 2443 dicendus
1221 2400 1430 2450 Achilles3

365 2457 563 2514 Cydippe
588 2473 671 2500 non
697 2466 759 2501 est
785 2459 886 2507 oris,
914 2459 1120 2507 Homere,
1147 2458 1221 2498 tui.

307 2515 400 2568 quis
426 2515 533 2557 feret
557 2516 880 2557 Andromaches
905 2523 1179 2571 peragentem
1205 2514 1371 2556 Thaida
1396 2514 1562 2569 partes?

364 2581 531 2626 peccat,
557 2573 600 2613 in
625 2572 925 2614 Andromache
950 2572 1117 2613 Thaida
1143 2571 1333 2625 quisquis
1359 2578 1471 2626 agat.

215 2641 280 2672 385
307 2628 436 2669 Thais
463 2629 504 2669 in
531 2638 618 2671 arte
643 2644 738 2671 mea
763 2638 845 2671 est:
870 2628 1043 2670 lascivia
1067 2628 1199 2670 libera
1223 2635 1366 2669 nostra
1391 2636 1466 2670 est.

362 2685 421 2725 nil
446 2685 549 2726 mihi
575 2701 671 2727 cum
697 2687 819 2728 vitta:
846 2686 978 2727 Thais
1002 2686 1045 2726 in
1071 2694 1158 2726 arte
1183 2700 1278 2726 mea
1303 2692 1377 2726 est.

306 2741 341 2781 si
365 2755 460 2782 mea
484 2743 684 2784 materiae
710 2743 935 2798 respondet
960 2742 1090 2783 Musa
1114 2741 1294 2791 iocosae,
