1831 3168
400 216 554 252 ARTIS
580 216 653 251 AM
658 216 815 252 ATORI
819 215 884 249 AB
909 215 1004 250 LIB.
1032 214 1080 249 11.
1109 216 1172 249 ⁴3—
1177 214 1231 249 93.

192 297 358 339 nescius
384 297 488 339 hacc
513 298 668 340 umeris
694 313 795 339 ιιιιῐιι
797 314 810 339 ι
834 312 920 352 paiz
912 306 980 338 ata
1005 296 1104 337 suis.

136 354 203 395 cui
229 362 347 409 pater
372 354 474 395 ‘his’
502 354 636 408 inquit
661 355 815 409 ‘patria
840 363 903 396 cst
927 353 1121 394 adeunda
1147 350 1310 399 carinis,

194 410 272 452 hac
296 410 418 452 nobis
448 411 592 451 Minos
618 410 884 466 effugiendus
911 425 1003 475 ope.

138 471 185 509 af
190 482 235 508 ra
258 482 343 508 non
367 468 504 523 potuit
529 467 692 532 Minos,
705 447 799 509 talia
823 467 946 508 omni
939 483 963 507 ιι
988 466 1157 508 clausit:

194 538 320 578 quem
344 524 461 574 licet,
487 524 556 565 inv
562 525 667 565 entis
693 528 790 566 acra
814 538 963 578 rumpe
989 523 1106 564 meis.

139 581 212 623 scd
238 581 313 621 tibi
337 595 422 622 non
447 580 566 636 virgo
592 581 789 635 Tegeaea
814 594 1036 634 comesque
1062 579 1224 620 Bootae

195 637 362 692 ensiger
404 638 541 680 Orion
580 637 844 692 aspiciendus
870 637 965 678 erit:

139 709 205 736 mc
230 694 369 749 pinnis
396 702 555 736 scetaic
582 694 710 743 datis,
738 708 816 747 ego
842 692 1037 748 praevius
1062 692 1152 732 ibo:

198 751 249 792 sit
275 760 348 792 tua
373 766 473 792 cura
498 751 636 804 sequi,
662 766 728 792 me
755 751 861 791 duce
886 756 1001 790 tutus
1027 748 1120 790 eris.

140 823 237 848 nam
264 808 351 849 sive
377 807 583 848 aetheiias
610 807 746 848 vicino
772 806 859 848 sole
884 820 959 860 per
983 819 1107 845 auras

197 864 370 913 ibimus,
396 864 604 928 inpatiens
631 878 726 906 cera
751 862 900 904 caloris
925 861 1022 903 erit:

142 921 228 963 sive
255 896 434 962 humiles
458 920 653 985 propiore
678 920 784 961 freto
809 918 1057 960 iactabimus
1083 916 1184 965 alas,

198 977 365 1018 mobilis
392 977 611 1031 aequoreis
636 977 765 1032 pinna
789 974 1002 1016 madescet
1026 973 1159 1027 aquis.

142 1035 250 1076 intel
275 1042 501 1088 utrumque
527 1034 635 1074 vola.
695 1040 843 1074 ventos
868 1045 1059 1085 quoque,
1084 1039 1201 1079 nate,
1227 1029 1386 1078 timeto,

199 1105 369 1145 quaque
394 1090 531 1132 ferent
556 1105 703 1138 aur,ae
730 1089 822 1131 zela
847 1088 1032 1130 secunda
1058 1087 1183 1128 dato'

143 1148 244 1189 dum
269 1154 430 1196 monet,
457 1155 573 1202 aptat
598 1160 704 1201 opus
728 1160 859 1202 puero
884 1151 1172 1198 monstratque
1197 1142 1370 1192 moveri,

200 1204 336 1245 erudit
361 1204 498 1245 infirm
502 1218 546 1244 as
572 1211 619 1244 ut
644 1218 720 1244 sua
743 1211 876 1244 mater
900 1217 1012 1243 aves.

142 1261 239 1302 inde
265 1260 345 1301 sibi
369 1260 502 1301 factas
527 1259 682 1301 umeris
708 1259 1000 1301 accommodat
1025 1259 1112 1299 alas

136 1316 139 1317 ⁷
199 1331 358 1372 perque
383 1332 540 1358 novum
566 1316 709 1358 timide
735 1330 910 1371 corpora
934 1315 1060 1356 librat
1084 1315 1175 1356 iter.

143 1374 311 1428 iamque
337 1374 552 1415 volaturus
578 1388 708 1428 parto
734 1373 849 1415 dedit
874 1372 1017 1414 oscula
1041 1380 1154 1421 nato,

202 1445 280 1472 nec
305 1431 464 1486 patriae
490 1431 683 1471 laciimas
710 1430 953 1472 continuere
978 1444 1127 1483 0·.enae

144 1495 286 1529 monte
310 1487 446 1528 minor
471 1487 606 1536 collis,
634 1487 792 1542 campis
818 1502 861 1528 er
864 1495 904 1527 at
931 1487 1052 1527 altior
1077 1485 1240 1538 aequis:

200 1544 299 1585 hinc
324 1544 421 1585 data
446 1552 540 1585 sunt
566 1544 743 1586 miserae
764 1558 950 1608 ‘colpola
970 1543 1068 1583 bina
1092 1542 1233 1596 fugae.

146 1610 187 1643 et
212 1608 354 1642 movet
378 1601 468 1655 ipse
494 1616 591 1641 snas
618 1608 659 1641 et
689 1600 775 1641 nati
801 1599 970 1654 respicit
996 1599 1083 1640 alas

204 1657 423 1699 Daedalus
450 1665 490 1699 et
515 1672 662 1698 cursus
689 1656 866 1698 sustinet
891 1670 1025 1710 usque
1051 1669 1162 1696 suos.

145 1716 314 1769 iamque
339 1728 494 1755 novum
523 1714 702 1755 delectat
727 1713 817 1762 iter,
843 1712 1065 1768 positoque
1090 1711 1238 1752 timore

203 1772 350 1813 Icarus
376 1770 524 1812 audaci
549 1770 698 1811 fortius
724 1778 812 1812 arte
839 1770 963 1810 volat.

148 1829 224 1870 hos
250 1828 422 1882 aliquis,
448 1828 628 1869 tremula
653 1827 754 1868 dum
780 1835 921 1882 captat
946 1825 1149 1867 arundine
1175 1824 1326 1880 pisces,

205 1885 330 1934 vidit,
356 1891 397 1926 et
421 1884 636 1939 inceptum
662 1883 794 1925 dext1
785 1899 809 1924 ιι
833 1883 1002 1936 reliquit
1028 1897 1148 1937 opus.

148 1943 232 1983 iam
259 1940 409 1984 Samos
435 1957 460 1982 a
483 1941 623 1989 laeva,
649 1964 706 1969 —-
730 1940 898 1981 fuerant
921 1939 1152 1993 Naxosque
1180 1937 1350 1980 relictae

206 2007 246 2040 et
270 1998 405 2039 Paros
431 2005 472 2039 et
498 1996 639 2038 Clario
664 1997 797 2038 Delos
823 2004 962 2037 amata
987 1996 1066 2037 deo
1091 2020 1147 2025 —

151 2056 298 2097 dextra
323 2054 572 2109 Lebynthos
598 2062 687 2095 erat
712 2054 911 2107 silvisque
937 2053 1137 2094 umbrosa
1163 2050 1372 2107 Calymne

208 2112 427 2165 cinctaque
452 2111 627 2166 piscosis
652 2111 914 2166 Astypalaea
938 2110 1071 2159 vadis,

152 2183 248 2209 cum
272 2182 390 2223 puer,
416 2168 595 2209 incautis
621 2167 795 2208 nimium
822 2166 1066 2208 temerarius
1092 2166 1227 2214 annis,

211 2225 334 2265 altius
360 2224 446 2278 egit
469 2224 550 2265 iter
575 2224 842 2277 deseruitque
866 2231 1041 2277 patrem.

153 2282 291 2323 vincla
315 2280 478 2329 labant,
505 2288 545 2321 et
571 2295 666 2321 cera
692 2280 770 2321 deo
796 2280 989 2334 propiore
1013 2278 1222 2332 liquescit,

211 2352 290 2380 nec
314 2345 461 2379 tenues
486 2344 633 2378 ventos
658 2336 855 2378 bracchia
880 2344 993 2376 mota
1017 2343 1174 2377 tenent.

155 2395 323 2437 territus
349 2409 374 2435 a
399 2407 562 2435 summo
589 2393 780 2448 despexit
802 2393 846 2433 in
871 2406 1056 2446 aequora
1081 2391 1216 2433 caelo:

213 2466 297 2492 nox
323 2450 453 2492 oculis
477 2449 632 2505 pavido
657 2450 771 2491 venit
797 2449 944 2490 oborta
969 2457 1096 2490 metu.

156 2509 381 2550 tabuerant
406 2521 546 2549 cerae:
572 2506 707 2547 nudos
733 2505 866 2561 quatit
890 2506 959 2547 ille
984 2506 1161 2546 lacertos

215 2574 254 2607 et
280 2564 480 2619 trepidat,
506 2577 584 2604 nec
609 2576 692 2616 quo
719 2563 974 2604 sustineatur
999 2562 1138 2602 habet.

1421 202 1501 244 161

159 2621 314 2664 decidit
339 2629 466 2674 atque
491 2620 645 2661 cadens
671 2624 809 2674 ‘pater
834 2633 872 2668 o,
897 2628 1029 2674 pater,
1056 2617 1264 2659 auferorl’
1290 2617 1438 2672 inquit.

217 2679 457 2720 clauserunt
482 2676 634 2718 virides
660 2691 733 2717 ora
756 2676 966 2730 loquentis
991 2689 1139 2729 aquae.

159 2744 202 2777 at
227 2742 345 2791 pater
369 2733 534 2784 infelix,
559 2747 636 2775 nec
661 2733 743 2774 iam
769 2740 900 2788 pater,
927 2731 1104 2774 ‘Icarel'
1132 2731 1298 2780 clamat,

231 2801 307 2830 ovidi
323 2800 372 2828 vol.
386 2801 410 2828 I.
1256 2800 1298 2832 n

1533 306 1575 336 :30

1534 589 1574 619 55

1540 872 1582 901 0¹)

1541 1155 1582 1185 65

1543 1441 1585 1471 70

1547 2008 1590 2039 80

1551 2293 1592 2323 85

1554 2574 1595 2606 90
