1831 3168
267 217 347 259 176
745 223 787 258 Ρ.
816 222 960 258 ovlm
986 221 1203 258 NASONIS

176 322 240 353 710
322 322 400 350 nec
426 307 562 348 solum
587 304 708 347 bellis
735 304 846 346 utilis
872 304 940 346 ille
967 303 1060 345 fuit.

263 365 364 407 fecit
389 373 430 406 et
454 364 498 405 in
523 371 648 418 capta
672 361 910 417 Lyrneside
936 375 1116 416 magnus
1143 359 1346 409 Achilles,

322 437 417 463 eum
442 426 652 476 premeret
677 419 847 460 mollem
871 419 1007 459 lassus
1033 418 1087 458 ab
1113 417 1232 459 hoste
1259 426 1409 458 torum.

263 478 344 520 illis
372 486 411 519 te
436 476 632 518 manibus
658 476 795 531 tangi,
820 474 977 525 Brise'i,
1004 474 1186 523 sinebas,

321 535 507 576 imbutae
531 533 724 589 Phrygia
749 547 857 587 quae
882 546 985 574 nece
1012 546 1178 586 semper
1203 530 1340 573 erant!

175 605 238 635 715
265 599 336 633 aut
361 590 442 632 fuit
466 590 546 632 hoe
571 590 731 645 ipsum,
758 589 872 644 quod
899 596 958 638 te,
984 589 1161 638 lasciva,
1188 588 1364 638 iuvaret,

321 648 375 689 ad
401 656 473 690 tua
497 647 690 689 victrices
716 647 906 689 membra
931 646 1074 688 venire
1100 645 1274 686 manus?

265 706 388 747 erede
413 704 535 753 mihi,
560 719 645 746 non
671 712 732 746 est
758 704 937 746 Veneris
963 702 1230 758 properanda
1256 702 1466 757 voluptaS‚

324 762 398 804 sed
423 762 578 804 sensim
603 762 724 802 tarda
749 761 1006 816 prolicienda
1032 775 1161 801 mora.

267 835 363 861 eum
387 820 480 861 loca
504 818 758 874 reppereris,
786 833 894 872 quae
921 818 1038 872 tangi
1064 817 1223 858 femina
1248 816 1422 870 gaudet,

176 889 240 919 720
322 892 406 918 non
432 876 590 924 obstet,
617 884 766 931 tangas
792 889 875 929 quo
902 875 1040 915 minus
1067 874 1155 924 illa,
1181 874 1330 928 pudor.

267 933 445 990 aspicies
484 933 629 975 oculos
673 933 851 974 tremulo
878 932 1043 987 fulgore
1069 931 1286 980 micantes,

323 998 367 1031 ut
395 990 455 1031 sol
481 1006 505 1030 a
529 990 690 1044 liquida
715 1004 840 1044 saepe
866 989 1049 1043 refulget
1075 1003 1209 1042 aquas

267 1047 467 1089 accedent
493 1054 687 1101 questus,
715 1047 887 1088 accedet
912 1046 1093 1087 amabile
1119 1060 1310 1087 murmur

325 1112 366 1146 et
391 1104 534 1146 dulces
559 1103 742 1159 gemitus
768 1111 951 1158 aptaque
978 1103 1108 1146 verba
1133 1103 1239 1144 ioco.

178 1173 241 1203 725
268 1161 343 1204 sed
366 1175 505 1215 neque
530 1168 575 1202 tu
602 1161 815 1202 dominam
840 1161 943 1202 velis
969 1160 1199 1201 maioribus
1225 1174 1327 1200 usus

324 1218 487 1267 desine,
513 1232 591 1259 nec
617 1232 763 1259 cursus
790 1225 957 1259 anteeat
982 1218 1054 1258 illa
1079 1225 1187 1258 tuos,

268 1276 322 1318 ad
347 1283 502 1317 metam
527 1283 749 1330 properate
774 1274 912 1315 simul.
973 1282 1062 1315 tum
1088 1275 1213 1329 plena
1239 1274 1447 1329 voluptas,

326 1346 422 1374 eum
448 1332 604 1387 pariter
629 1331 727 1373 victi
753 1331 910 1373 femina
934 1332 1082 1385 virque
1107 1331 1257 1372 iacent.

268 1389 336 1431 hic
360 1389 438 1430 tibi
463 1388 695 1431 versandus
721 1396 842 1430 tenor
867 1395 949 1438 est,
975 1403 1072 1430 cum
1095 1388 1228 1429 libera
1254 1388 1406 1429 dantur

179 1457 244 1488 730
326 1446 430 1495 otia,
456 1445 660 1487 furtivum
685 1460 763 1488 nee
788 1445 912 1486 timor
936 1452 1091 1500 urguet
1116 1459 1236 1500 opus.

269 1518 365 1545 eum
389 1517 509 1544 mora
532 1516 616 1543 non
642 1510 733 1544 tuta
758 1510 839 1551 est,
866 1502 963 1544 totis
988 1502 1233 1543 incumbere
1259 1501 1385 1543 remis

324 1559 425 1601 utile
451 1567 492 1601 et
517 1559 699 1601 admisso
725 1559 906 1601 subdere
933 1560 1071 1601 calcar
1095 1573 1216 1612 equo.
1243 1582 1300 1587 —

267 1617 362 1658 finis
388 1616 507 1658 adest
531 1617 660 1672 operi.
721 1617 906 1672 palmam
932 1616 1047 1666 date,
1073 1624 1195 1671 grata
1219 1615 1430 1663 iuvenum,

325 1681 521 1728 sertaque
546 1674 746 1715 odoratae
771 1681 935 1728 myrtea
959 1673 1065 1715 ferte
1091 1687 1248 1715 comae.

179 1742 242 1774 735
270 1738 452 1787 quantus
479 1731 593 1786 apud
617 1731 794 1772 Danaos
819 1730 1060 1772 Podalirius
1086 1738 1174 1772 arte
1199 1729 1410 1777 medendi,

325 1788 536 1830 Aeacides
563 1788 728 1837 dextra,
755 1796 924 1842 peetore
949 1788 1104 1829 Nestor
1129 1796 1231 1836 erat,

269 1852 453 1899 quantus
479 1852 568 1886 erat
595 1843 777 1886 Calchas
804 1845 930 1893 extis,
957 1844 1230 1886 Telamonius
1257 1843 1397 1892 armis,

324 1902 599 1943 Automedon
625 1916 769 1942 curru:
796 1909 937 1943 tantus
964 1909 1125 1942 amator
1150 1915 1242 1955 ego.

266 1973 334 2000 me
360 1965 500 2000 vatem
526 1958 756 2007 celebrate,
783 1958 880 2006 viri,
907 1958 1009 1998 mihi
1035 1958 1160 1999 dieite
1185 1958 1347 2006 laudes,

179 2027 243 2058 740
326 2022 519 2056 cantetur
543 2022 629 2056 toto
655 2029 810 2056 nomen
834 2015 876 2055 in
902 2015 1003 2056 orbe
1028 2030 1183 2056 meum.

270 2087 386 2113 arma
412 2071 509 2113 dedi
534 2071 667 2113 vobis.
729 2071 902 2114 dederat
926 2071 1146 2113 Vulcanus
1172 2070 1349 2112 Achilli:

327 2128 482 2170 vincite
507 2128 772 2178 muneribus,
798 2129 896 2170 vicit
921 2136 967 2170 ut
992 2128 1081 2178 ille,
1109 2127 1230 2169 datis.

267 2185 341 2228 sed
367 2185 621 2239 quicumque
646 2200 741 2227 meo
767 2185 974 2240 superarit
998 2186 1223 2226 Amazona
1248 2184 1372 2234 ferro,

323 2242 524 2284 inscribat
550 2242 693 2298 spoliis
719 2241 855 2283 ‘Naso
880 2242 1082 2297 magister
1107 2242 1222 2284 erat?

178 2311 241 2343 745
268 2313 385 2349 ecce,
410 2306 562 2355 rogant
586 2307 775 2349 tenerae,
802 2299 880 2341 sibi
907 2299 1002 2341 dem
1028 2306 1267 2354 praecepta,
1293 2299 1479 2354 puellae:

324 2370 399 2398 vos
425 2357 539 2399 eritis
565 2356 733 2398 chartae
758 2357 951 2411 proxima
976 2371 1077 2398 eura
1102 2355 1239 2398 meae!

746 2537 901 2572 LIBER
927 2537 1161 2574 TERTIUS.

267 2640 402 2681 Arma
426 2640 523 2682 dedi
546 2640 709 2683 Danais
734 2642 777 2683 in
802 2642 1064 2683 Amazonas:
1092 2657 1209 2683 arma
1234 2650 1473 2696 supersunt,

324 2710 432 2749 quae
457 2697 533 2737 tibi
559 2697 654 2739 dem
680 2706 721 2739 et
746 2706 927 2748 turmae,
954 2698 1242 2747 Penthesilea,
1268 2707 1379 2740 tuae.

265 2752 323 2794 ite
348 2753 390 2794 in
416 2753 526 2796 bella
550 2768 685 2809 pares.
747 2755 937 2806 vincant,
963 2755 1116 2810 quibus
1143 2756 1254 2797 alma
1278 2755 1419 2797 Dione
