1831 3168
418 186 570 222 An'rls
596 187 903 222 AMA'rontAn
927 187 1024 222 Lm.
1051 187 1080 221 1.
1106 186 1300 222 342—429.
1488 176 1570 220 151

259 284 345 312 non
369 269 445 310 tibi
471 269 524 310 ab
550 269 702 311 ancilla
727 277 787 311 est
814 268 1052 323 incipienda
1078 268 1239 311 Venus.

203 326 282 368 hoc
307 342 439 367 unum
465 340 628 376 moneo,
655 326 793 381 siquid
819 326 943 368 modo
969 325 1152 368 creditur
1177 325 1268 373 arti,

260 398 337 425 nec
362 398 456 425 mea
482 383 594 424 dicta
618 398 750 438 rapax
776 398 851 438 per
876 398 990 425 mare
1017 390 1168 424 ventus
1195 383 1300 437 agit:

203 448 274 482 aut
298 454 382 482 non
409 440 645 495 temptaris,
673 448 743 481 aut
769 439 936 495 perfice.
998 440 1157 480 tollitur
1180 439 1320 487 inch,

261 512 356 538 cum
382 497 511 538 semel
536 497 578 537 in
604 507 766 552 partem
793 497 975 538 criminis
1002 496 1093 551 ipsa
1118 496 1243 538 venit.
1600 507 1665 538 300

203 568 286 595 non
312 554 400 595 avis
427 553 583 595 utiliter
609 553 776 595 viscatis
803 553 951 609 effugit
978 553 1068 601 alis,

260 625 344 651 non
369 610 475 652 benc
502 610 553 652 de
578 611 684 651 laxis
711 610 899 652 cassibus
926 610 1010 651 exit
1036 624 1149 664 aper,

204 667 371 708 saucius
398 674 562 722 arrepto
588 667 714 722 piscis
740 674 932 709 teneatur
957 667 1010 708 ab
1036 666 1179 707 hamo:

260 724 470 779 perprime
497 733 762 779 temptatam,
788 738 865 765 nec
889 723 969 764 nisi
995 723 1128 764 victor
1153 722 1234 763 abi.

202 788 302 822 ωηο
327 795 463 834 neque
489 788 529 822 te
555 781 705 836 prodet
730 779 942 822 communi
967 779 1094 820 noxia
1119 780 1256 833 culpa,
1602 791 1666 821 395

259 838 454 891 factaque
481 846 603 879 erunt
629 838 822 879 dominae
849 837 1042 890 dictaque
1068 842 1167 876 nota
1193 835 1281 876 tibi.

203 894 277 936 sed
302 894 409 936 bene
436 895 607 936 celetur.
666 895 774 936 bene
800 893 835 935 si
860 893 1065 935 celabitur
1089 892 1229 941 index,

259 951 430 993 notitiae
457 951 616 992 suberit
642 966 807 1007 semper
833 951 967 992 amica
992 957 1103 991 tuae.

202 1016 391 1063 tempora
417 1008 489 1062 qui
515 1008 612 1049 solis
638 1022 815 1063 operosa
840 1007 1075 1048 colentibus
1102 1021 1215 1055 arva,
1377 1049 1380 1052 Α

259 1065 432 1114 fallitur,
459 1072 499 1106 et
524 1065 662 1106 nautis
688 1064 959 1119 adspicienda
984 1070 1116 1119 putat.
1601 1076 1667 1106 400

202 1136 279 1164 nec
306 1137 471 1177 semper
497 1121 706 1164 credenda
731 1119 861 1163 Ceres
887 1120 1108 1162 fallacibus
1135 1119 1260 1169 arvis,

257 1193 337 1220 nec
363 1194 530 1234 semper
554 1178 676 1219 viridi
701 1192 887 1219 concava
911 1178 1064 1233 puppis
1091 1192 1240 1232 aquae,

201 1250 279 1278 nec
303 1243 468 1277 teneras
494 1250 660 1290 semper
685 1243 822 1276 tutum
848 1244 1016 1290 captare
1041 1235 1223 1290 puellas:

152 1297 154 1299 ’
259 1307 384 1347 saepe
411 1292 508 1333 dato
534 1291 682 1334 melius
708 1300 896 1347 tempore
921 1292 993 1333 fiet
1017 1292 1142 1334 idem.

202 1349 289 1391 sive
316 1349 404 1391 dies
431 1349 591 1390 suberit
615 1349 787 1398 natalis,
815 1349 902 1390 sive
928 1349 1167 1398 Kalendae,
1600 1362 1665 1392 405

259 1421 363 1460 quas
389 1406 601 1448 Venerem
625 1406 758 1447 Marti
784 1406 1051 1448 continuasse
1076 1406 1210 1447 iuvat:

203 1463 290 1504 sive
316 1463 392 1504 erit
418 1472 589 1504 ornatus
615 1478 699 1504 non
725 1471 769 1504 ut
796 1462 874 1504 fuit
901 1472 997 1504 ante
1025 1463 1186 1518 sigillis,

260 1520 333 1561 sed
358 1534 507 1575 regum
533 1519 691 1574 positas
717 1520 851 1561 circus
877 1520 1049 1561 habebit
1076 1534 1196 1574 opes:

204 1576 326 1618 differ
351 1591 470 1631 opus.
531 1585 632 1617 tunc
658 1576 785 1617 tristis
810 1576 992 1631 hiemps,
1019 1585 1118 1617 tunc
1143 1576 1315 1619 Pliades
1340 1576 1510 1625 instant,

259 1642 359 1674 tunc
385 1644 501 1675 tener
526 1648 735 1687 aequorea
759 1634 965 1688 mergitur
990 1633 1167 1674 Haedus
1194 1648 1322 1688 aqua:
1601 1647 1668 1677 410

202 1699 302 1732 tunc
328 1690 434 1732 bene
461 1690 682 1739 desinitur-3
709 1697 809 1731 tunc
836 1690 966 1744 siquis
994 1690 1177 1732 creditur
1202 1692 1298 1740 alto,

258 1747 330 1788 vix
355 1747 490 1788 tenuit
513 1747 676 1788 lacerae
701 1747 910 1802 naufraga
935 1747 1124 1788 membra
1149 1749 1262 1790 ratis.

202 1812 247 1846 tu
271 1804 367 1846 licet
393 1804 589 1859 incipias,
615 1818 700 1857 qua
723 1804 872 1846 flebilis
899 1804 1015 1845 Allia
1039 1804 1133 1846 luce

258 1861 505 1902 vulneribus
531 1860 666 1901 Latiis
693 1861 1019 1916 sanguinulenta
1044 1861 1137 1910 fuit,

201 1933 370 1973 quaque
396 1918 462 1959 die
488 1918 686 1966 redeunt,
712 1918 838 1959 rebus
864 1918 1003 1959 minus
1029 1926 1129 1973 apta
1152 1919 1363 1975 gerendis,
1600 1933 1666 1963 415

258 1976 370 2017 culta
394 1975 637 2016 Palaestino
663 1975 841 2030 septima
865 1975 973 2016 festa
1000 1974 1122 2030 Syro.

200 2047 357 2087 magna
382 2032 622 2087 superstitio
648 2032 724 2073 tibi
750 2032 801 2073 sit
826 2032 976 2073 natalis
1002 2032 1184 2076 amicae:

257 2103 424 2143 quaque
450 2089 609 2143 aliquid
636 2089 823 2130 dandum
849 2098 930 2138 est,
956 2090 1028 2130 illa
1053 2089 1105 2131 sit
1131 2099 1221 2132 atra
1246 2090 1347 2132 dies.

202 2161 297 2187 cum
323 2146 431 2187 bene
457 2146 619 2195 vitaris,
645 2154 786 2187 tamen
812 2146 988 2188 auferet.
1048 2147 1209 2189 invenit
1235 2157 1369 2189 artem

257 2202 433 2251 femina,
460 2216 544 2255 qua
569 2202 712 2256 cupidi
738 2210 882 2257 carpat*
907 2203 1087 2244 amantis
1115 2219 1228 2259 opes.
1600 2217 1665 2248 420

200 2259 366 2301 institor
391 2259 444 2299 ad
470 2259 684 2300 dominam
709 2259 849 2301 veniet
875 2259 1102 2301 discinctus
1128 2275 1332 2310 emacem,

259 2316 452 2371 expediet
479 2331 638 2357 merces
664 2324 789 2369 teque
816 2316 985 2357 sedente
1012 2332 1129 2358 suas:

203 2389 308 2429 quas
333 2373 424 2422 illa,
448 2372 664 2427 inspicias,
691 2388 837 2427 sapere
862 2381 908 2414 ut
934 2373 1123 2423 videare,
1148 2373 1333 2429 rogabit:

260 2431 404 2474 oscula
430 2429 580 2471 deinde
607 2429 741 2470 dabit:
769 2429 919 2471 deinde
945 2430 1130 2485 rogabit,
1157 2446 1286 2472 emas.

202 2488 282 2530 hoc
307 2487 397 2528 fore
423 2494 662 2528 contentam
688 2486 842 2527 multos
867 2486 1021 2528 iurabit
1046 2487 1088 2528 in
1114 2502 1260 2536 annos,
1600 2500 1664 2532 425

260 2559 373 2586 nunc
399 2558 504 2599 opus
530 2559 620 2585 esse
646 2544 744 2591 sibi,
770 2558 882 2584 nunc
907 2544 1014 2586 bene
1041 2545 1151 2586 dicet
1175 2545 1270 2586 emi.

206 2602 239 2643 si
264 2616 348 2642 non
374 2616 464 2643 esse
491 2600 622 2650 domi,
649 2615 754 2655 quos
781 2601 873 2649 des,
900 2602 1128 2644 causabere
1153 2616 1362 2651 nummos,

262 2659 401 2700 littera
424 2666 640 2713 poscetur-3
665 2673 717 2699 ne
744 2658 938 2699 didicisse
964 2659 1091 2700 iuvet.

207 2715 328 2770 quid,
355 2715 475 2770 quasi
499 2715 629 2756 natali
654 2730 749 2757 cum
774 2715 907 2770 poscit
933 2731 1109 2758 munera
1132 2716 1231 2765 libo,
