1831 3168
468 228 690 264 AMQRUM
716 228 812 262 LIB.
840 228 907 262 111.
935 227 1004 271 111,
1032 227 1167 271 15-V‚
1194 227 1226 261 2.

162 310 228 351 eui
254 324 429 365 peecare
456 310 571 359 licet,
598 318 745 365 peccat
771 309 922 351 minus.
983 308 1075 363 ipsa
1100 316 1285 364 potestas

218 366 378 407 semina
404 367 613 421 nequitiae
638 367 904 421 languidiora
928 365 1041 407 facit.

165 423 325 471 desine,
353 423 475 464 crede
503 424 623 473 mihi,
651 424 752 465 vitia
776 424 946 465 inritare
972 422 1174 465 vetando:

220 480 422 534 obsequio
449 480 590 522 vinces
618 481 755 536 aptius
781 481 852 522 illm
876 488 962 521 tuo.

164 536 250 577 vidi
277 551 356 592 ego
383 552 518 592 nupei
544 552 700 591 equum
726 545 871 579 contri
895 552 972 578 sua
997 536 1136 578 vinela
1161 544 1352 577 tenacem

220 608 290 635 ore
317 594 537 635 1eluctanti
564 595 787 635 fulminis
777 609 836 635 ire
861 594 1007 635 modo.
1045 590 1056 611 '⁸

165 650 367 699 constitit,
393 658 439 692 ut
464 651 647 705 primum
673 665 892 693 concessas
918 650 1048 692 sensit
1074 649 1227 690 habent
1228 665 1275 699 15,

218 706 423 761 frenaque
448 707 492 748 in
518 708 654 749 effusa
678 708 809 749 laxa
799 721 935 748 lacere
960 707 1074 747 iuba.

162 762 334 805 nitimur
358 765 400 805 in
426 764 602 806 vetitum
629 779 794 819 semper
819 763 1096 818 cupimusque
1122 770 1290 818 negata.

220 821 279 862 sie
304 820 535 862 interdictis
561 822 750 863 imminet
775 835 901 876 aeger
925 819 1058 873 aquis.

163 885 331 919 centum
356 878 493 919 fronte
520 879 683 927 oculos,
710 885 878 920 centum
904 876 1067 918 cervice
1092 875 1232 930 gereb
1226 884 1267 916 tt

219 934 386 989 Argus:
414 943 453 976 ct
480 935 555 976 hos
581 951 691 977 unus
717 949 842 990 saepe
868 933 1018 976 fefellit
1042 933 1191 973 Amol.

162 990 206 1032 in
231 991 463 1033 thalamum
489 991 641 1034 Danae
664 992 776 1034 ferro
802 1004 989 1044 saxoque
1014 1004 1243 1045 perennem

220 1062 329 1102 quae
355 1049 492 1090 fuerat
518 1050 637 1105 virgo
664 1048 835 1096 tradita,
861 1055 996 1088 mater
1021 1055 1129 1089 ciat:

161 1104 377 1161 Penelope
402 1106 575 1155 mansit,
601 1106 794 1160 quamvis
821 1104 993 1146 custode
1020 1103 1204 1153 cai-,ebat

218 1162 326 1204 inter
352 1170 411 1204 tot
435 1163 609 1205 iuvenes
634 1163 884 1205 intemerata
908 1175 1073 1227 procos.

161 1219 368 1274 quidquid
395 1235 487 1261 serv
492 1227 597 1268 atur,
624 1220 818 1284 cupimus
844 1218 1002 1274 magis3
1028 1219 1206 1273 ipsaque
1232 1216 1370 1259 furem

219 1290 319 1318 eura
344 1284 479 1317 vocat.
540 1276 685 1331 pauci,
712 1276 826 1331 quod
852 1276 949 1317 sinit
976 1276 1093 1323 alter,
1121 1281 1275 1316 amant.

159 1347 237 1375 1160
263 1332 370 1374 faeie
395 1333 533 1388 placet
558 1333 629 1374 illa
655 1349 750 1383 sua,
777 1334 852 1375 sed
878 1348 1019 1375 amore
1046 1332 1202 1373 mariti:

216 1389 359 1431 neseio
385 1390 507 1444 quid,
534 1390 648 1444 quod
673 1398 713 1432 te
740 1391 918 1446 ceperit,
946 1405 1036 1432 esse
1062 1396 1226 1444 putant.

159 1461 244 1488 non
268 1447 404 1502 proba
427 1447 492 1498 fit,
519 1462 648 1501 quam
673 1448 736 1489 vir
762 1456 921 1496 servat,
949 1447 1023 1488 sed
1048 1447 1240 1487 adultera
1266 1459 1376 1487 cara.

217 1504 308 1558 ipse
333 1504 457 1544 timor
481 1504 664 1559 pretium
691 1519 864 1560 corpore
890 1504 1027 1545 maius
1053 1503 1196 1545 habet.

159 1560 378 1615 indignere
404 1561 519 1602 licet:
546 1561 664 1602 iuvat
689 1561 935 1603 inconcessa
960 1561 1175 1615 voluptas:

218 1618 307 1658 sola
331 1617 488 1672 placet,
516 1618 682 1659 ‘timeo'
710 1618 849 1660 dicere
875 1618 998 1672 siqua
1022 1624 1174 1672 potest.

160 1689 238 1718 nee
264 1683 406 1717 tamen
430 1674 662 1731 ingenuam
685 1675 750 1717 ius
778 1684 841 1718 est
865 1690 1034 1717 servare
1061 1675 1259 1730 puellam.

218 1733 285 1775 hic
310 1746 448 1775 metus
475 1740 672 1775 externae
698 1747 874 1788 corpora
898 1732 1036 1787 gentis
1063 1738 1175 1786 agat.

160 1790 320 1832 scilicet
344 1798 391 1831 ut
415 1789 546 1845 possit
573 1798 715 1831 custos
742 1790 858 1845 ‘ego'
886 1790 1025 1831 dicere
1044 1788 1189 1838 v‘feci’,

216 1848 259 1888 in
283 1847 454 1888 laudem
479 1846 590 1888 servi
615 1854 730 1889 casta
755 1847 809 1888 sit
833 1847 904 1888 illa
928 1846 1016 1887 tui?

159 1904 340 1946 rusticus
366 1912 429 1946 est
452 1903 652 1953 nimium,
677 1918 805 1958 quem
829 1903 957 1945 laedit
984 1903 1176 1944 adultera
1201 1901 1399 1951 coniunx,

217 1969 256 2003 et
282 1968 404 2002 notos
430 1975 568 2002 mores
593 1975 678 2002 non
703 1961 802 2002 satis
829 1960 944 2002 urbis
970 1960 1113 2009 habet,

159 2018 201 2060 in
228 2033 312 2072 qua
337 2017 607 2073 Martigenae
631 2032 717 2059 non
743 2025 841 2059 sunt
865 2017 955 2059 sine
981 2017 1154 2059 erimine
1179 2016 1268 2057 nati

217 2075 426 2117 Romulus
452 2075 608 2117 Iliades
634 2075 876 2129 Iliadesque
902 2074 1077 2116 Remus.

160 2146 244 2186 quo
269 2132 345 2173 tibi
370 2131 620 2182 formosam,
647 2132 682 2173 si
706 2147 792 2174 non
816 2132 897 2174 nisi
923 2139 1040 2173 casta
1064 2130 1287 2186 placebat?

217 2203 302 2230 11011
327 2197 504 2244 possunt
529 2189 624 2230 ullis
649 2189 730 2230 ista
755 2189 867 2230 coire
891 2188 1041 2230 modis.

162 2245 196 2286 si
222 2246 352 2300 sapis,
378 2245 552 2300 indulge
578 2245 772 2287 dominae
798 2245 1022 2298 vultusque
1049 2257 1218 2286 severos

221 2317 348 2351 exue,
374 2317 452 2344 1160
476 2302 602 2356 rigidi
626 2302 719 2343 iura
744 2310 861 2344 tuere
886 2302 977 2350 viri,

163 2370 202 2401 et
230 2360 319 2400 0016
345 2373 450 2412 quos
477 2358 639 2400 dederit
663 2358 837 2411 (multos
864 2358 1000 2411 dabit)
1025 2371 1132 2398 uxor
1157 2356 1334 2398 amicos:

219 2416 356 2471 gratia
381 2415 440 2457 sic
465 2415 637 2456 minimo
662 2430 819 2470 magna
843 2415 988 2456 labole
1014 2414 1140 2456 venit.

164 2473 222 2515 sie
248 2472 403 2528 poteris
428 2472 630 2514 11116110111
656 2472 849 2513 convitia
873 2487 1040 2526 semper
1063 2471 1167 2513 ini1e

221 2538 281 2580 et,
308 2543 416 2584 quae
441 2543 526 2570 non
552 2528 736 2578 dederis,
761 2529 895 2570 multa
920 2529 1063 2571 xiclere
1089 2527 1214 2569 domi.

820 2631 873 2674 V.

165 2701 284 2743 ‘Nox
309 2709 418 2750 erat,
445 2708 486 2743 et
511 2715 684 2742 somnus
710 2700 842 2741 lassos
868 2698 1075 2741 summisit
1101 2697 1275 2741 ocellos:

223 2765 460 2801 terruerunt
486 2758 673 2800 animum
698 2757 798 2799 talia
824 2756 913 2799 visa
937 2771 1092 2799 meum.

1454 216 1535 258 123

1564 378 1604 406 1⁴·

1564 661 1606 690 15

1565 945 1605 974 ‘20

1566 1515 1612 1546 30

1565 1800 1610 1830 35-

1563 2086 1606 2115 40

1563 2368 1609 2399 45
