1831 3168
419 235 642 273 AMORUM
667 236 763 271 LIB.
792 237 859 271 111.
887 237 936 282 11,
964 236 1124 281 13-111‚
1152 238 1206 272 14.

134 318 274 372 daque
298 333 434 360 novae
461 325 644 360 mentem
671 318 885 360 dominae:
923 319 1109 374 patiatur
1135 319 1284 361 amari!

189 375 337 416 annuit
362 383 403 417 et
428 383 545 416 motu
571 376 692 431 signa
717 376 902 418 secunda
928 376 1062 417 dedit!

130 432 245 486 quod
271 432 350 473 dea
374 432 582 487 promisit,
609 433 828 487 promittas
853 433 963 488 ipsa,
989 447 1208 487 rogamus:

188 504 292 544 paee
318 490 466 543 loquar
491 489 690 539 Veneris,
717 497 762 531 tu
789 490 867 531 dea
893 490 1026 530 maior
1051 490 1144 531 eris.

131 560 206 600 per
231 545 307 587 tibi
333 554 394 587 tot
418 546 510 587 iuro
536 554 662 588 testes
687 561 972 602 pompamque
999 547 1188 595 deorum,

188 610 228 644 te
255 603 468 644 dominam
494 603 616 644 nobis
643 611 808 658 tempus
834 604 874 644 111
903 618 1026 645 0111110
1053 604 1152 658 peti.

130 660 204 701 sed
230 660 417 714 pendent
442 660 518 700 tibi
544 674 678 701 crura.
739 668 878 715 potes,
906 661 939 700 si
965 660 1072 702 forte
1097 660 1274 710 iuvabit,

189 717 385 758 cancellis
412 717 569 771 primos
596 717 820 759 inseruisse
846 717 989 771 pedes.

130 774 315 814 maxima
340 774 424 815 iam
450 788 584 815 vacuo
610 781 777 829 p1:·1(3t01
802 773 1043 837 spectacula
1070 773 1180 815 circo

187 830 462 886 quadliiwr0s
489 845 625 884 aequo
652 845 818 872 earcere
844 828 955 870 misit
981 844 1126 883 equos.

129 887 197 928 cui
225 887 413 936 studeas,
440 887 576 928 video.
639 888 796 952 vincet,
823 886 1074 940 cuicumque
1100 886 1277 929 favebis.

187 944 290 998 quid
315 944 479 999 cupias,
506 944 585 999 ipsi
612 944 716 986 scire
743 943 938 985 videntur
963 943 1073 997 equi.

129 1015 196 1042 me
223 1001 441 1043 miserum!
480 1009 636 1042 metam
662 1001 847 1056 spatioso
873 1000 1020 1042 circuit
1046 1000 1162 1042 orbe.

187 1058 290 1111 quid
315 1058 445 1100 facis?
471 1059 640 1100 admoto
666 1072 897 1113 proxumus
924 1072 1002 1099 axe
1029 1057 1154 1098 subit.

128 1115 232 1169 quid
257 1115 380 1164 facis,
406 1115 583 1157 infelix?
608 1115 747 1170 perdis
773 1115 884 1155 bona
910 1122 1008 1155 vota
1034 1115 1148 1170 puell
1152 1130 1220 1156 aze

186 1172 331 1222 tende,
358 1187 520 1227 plecor,
545 1172 686 1213 valida
710 1172 799 1213 lora
825 1171 992 1212 sinist1a
1017 1171 1166 1212 manu!

128 1229 348 1270 fz‘uimus
338 1243 507 1284 ignavo.
569 1229 643 1270 sed
669 1229 781 1270 enim
807 1237 1025 1277 revocate,
1052 1227 1255 1282 QuiiiteS,

186 1293 225 1327 et
253 1286 349 1328 date
375 1286 539 1328 iactatis
565 1286 753 1340 undique
779 1286 901 1341 signa
927 1286 1050 1340 togis.

127 1357 199 1392 en,
225 1351 438 1385 revocant.
500 1350 561 1392 at,
586 1358 639 1384 ne
665 1321 841 1385 turbett>
832 1352 932 1398 toga
957 1351 1071 1384 mota
1097 1343 1284 1399 capillos,

185 1400 228 1441 in
254 1408 418 1442 nostros
445 1400 576 1442 abdas
602 1408 642 1442 te
667 1400 765 1442 licet
790 1414 925 1454 usque
951 1400 1080 1441 sinus.

127 1456 297 1511 iamque
323 1465 468 1513 patent
492 1458 645 1499 iterum
671 1465 856 1499 reserato
883 1472 1049 1498 Car'CCIG
1075 1465 1234 1512 postes:

186 1515 326 1555 evolat
352 1515 545 1556 admissis
571 1515 753 1556 discolm
778 1529 932 1570 agmen
958 1514 1090 1567 equis.

127 1585 240 1612 nunc
266 1571 415 1613 saltem
441 1587 595 1626 supela
620 1572 841 1626 spatioque
866 1571 1038 1625 insurge
1064 1571 1242 1626 patenti:

185 1628 268 1669 sint
294 1644 406 1677 mea,
433 1629 515 1670 sint
541 1628 736 1670 dominae
762 1629 830 1669 tac
854 1635 945 1669 rata
972 1636 1070 1669 vota
1096 1628 1234 1670 meae!

127 1692 226 1727 sunt
251 1685 446 1728 dominae
471 1695 562 1727 rata
587 1693 686 1726 vota
710 1700 843 1727 meae.
906 1699 1001 1726 mea
1026 1694 1125 1726 vota
1151 1693 1397 1740 supersunt:

184 1742 253 1784 ille
280 1750 395 1784 tenet
419 1743 623 1798 palmam:
650 1743 792 1797 palma
816 1742 999 1797 petenda
1024 1757 1119 1783 mea
1144 1743 1232 1784 est!

126 1800 217 1840 risit
242 1807 284 1842 et
309 1800 469 1854 argutis
496 1799 700 1854 quiddam
725 1799 916 1854 promisit
942 1799 1098 1840 ocellis.

183 1857 263 1898 hoc
288 1857 389 1898 satis
416 1856 496 1898 hic.
559 1857 640 1898 alio
667 1864 806 1898 cetera
830 1854 960 1898 redde
985 1856 1091 1897 loco.

774 1959 857 2000 III.

125 2026 232 2069 Esse
259 2026 378 2077 deos,
405 2027 439 2077 i,
467 2026 611 2069 erede!
649 2026 776 2069 fidem
802 2027 940 2068 iurata
964 2026 1130 2076 fefellit,

184 2092 225 2126 et
249 2084 379 2126 facies
405 2085 463 2126 illi
490 2099 600 2138 quae
625 2084 705 2126 fuit
732 2092 850 2134 ante,
876 2093 1032 2126 manet.

124 2156 253 2195 quam
277 2141 427 2197 longos
454 2141 601 2183 habuit
627 2141 815 2183 nondum
840 2141 1009 2196 periura
1034 2141 1222 2196 capillos,

182 2206 269 2238 tam
295 2198 463 2253 longos,
490 2206 717 2253 postquam
741 2198 918 2239 numina
942 2198 1083 2246 laesit,
1110 2198 1250 2239 habet.

125 2254 306 2295 candida
331 2255 558 2296 candorem
584 2270 704 2296 roseo
731 2254 892 2296 suffusa
917 2254 1071 2296 rubore

184 2320 281 2352 ante
306 2311 406 2352 fuit:
432 2312 555 2353 niveo
580 2312 692 2353 lucet
717 2312 760 2352 in
786 2326 856 2352 ore
882 2311 1024 2352 rubor.

125 2383 200 2423 pes
227 2376 315 2409 erat
341 2368 540 2423 exiguus:
568 2368 686 2423 pedis
713 2376 775 2409 est
802 2367 1012 2408 artissima
1036 2367 1186 2408 forma.

183 2425 312 2480 longa
337 2425 577 2478 decensque
603 2425 701 2466 fuit:
727 2425 856 2479 longa
881 2425 1121 2478 decensque
1146 2432 1301 2466 manet.

124 2490 299 2537 argutos
325 2481 493 2530 habuit,
519 2481 683 2523 radiant
709 2489 755 2523 ut
781 2481 897 2522 sidus
923 2481 1057 2529 ocelli,

182 2554 258 2594 per
282 2553 388 2593 quos
414 2539 590 2580 mentita
615 2547 677 2580 est
703 2538 863 2594 pelfida
888 2553 1014 2593 saepe
1040 2537 1155 2579 mihi.

125 2596 286 2637 scilicet
311 2603 481 2637 aeterno
506 2596 697 2637 falsum
686 2611 824 2637 iurare
850 2596 1000 2650 puellis

182 2653 224 2693 di
249 2667 420 2706 quoque
447 2653 703 2702 concedunt,
729 2652 952 2706 101maque
977 2667 1136 2694 numen
1162 2651 1302 2694 habet.

123 2724 285 2765 perque
311 2724 408 2751 suos
432 2710 547 2751 illam
572 2725 708 2765 nuper
731 2710 892 2751 iurasse
917 2710 1114 2751 recordor

182 2781 343 2822 perque
369 2782 486 2810 meos
513 2767 677 2818 oculos,
703 2775 744 2809 et
769 2767 942 2809 doluere
967 2766 1069 2809 mei!

1421 230 1500 273 121

1536 506 1578 536 Gt)

1536 789 1578 820 05

1536 1074 1577 1103 ΤΟ

1533 1644 1576 1674 80

1533 2553 1574 2583 10
