1831 3168
306 227 578 265 HEROIDUM
604 227 688 264 VII.
715 228 905 263 170—194.
931 228 1035 264 VIII.
1063 229 1186 264 1-63.
1371 218 1425 260 27

119 315 251 364 nupta
276 307 402 358 foret,
428 308 572 350 Paridi
599 315 732 351 mater
755 316 802 350 ut
828 315 922 351 ante
948 309 1052 351 fuit?
1454 321 1498 351 20

63 379 140 406 nec
165 373 210 406 tu
234 365 347 406 mille
372 373 482 406 rates
508 365 761 418 sinuosaque
787 366 880 407 vela
904 366 1063 421 pararis

119 436 196 463 nec
220 436 416 464 numeros
442 421 583 463 Danai
609 422 768 463 militis:
795 422 884 477 ipse
910 422 1023 464 veni!

63 478 122 520 sic
147 491 314 532 quoque
340 493 454 520 cram
479 479 706 534 repetenda
732 485 884 520 tamen.
944 494 1021 521 nec
1048 486 1168 535 turpe
1193 478 1356 528 marito,

120 549 268 590 aspera
293 549 369 590 pro
396 550 492 577 caro
519 536 628 577 bella
653 535 796 576 tulisse
822 543 925 576 toro.

63 591 186 644 quid,
212 591 326 645 quod
352 607 455 633 avus
480 592 602 633 nobis
627 591 738 633 idem
762 591 987 646 Pelopeius
1014 592 1186 641 Atreus,
1454 604 1496 634 -25

120 655 179 697 et,
205 648 238 688 si
262 662 345 689 non
371 663 483 690 esses
509 648 573 689 vir
596 648 718 697 mihi,
745 647 873 688 frater
897 648 1014 689 eras?

62 704 138 751 vir,
164 718 323 759 precor,
349 704 489 753 uxori,
514 704 643 746 frater
668 717 863 745 succurre
889 705 1038 745 sorori:

118 760 273 801 instant
300 760 439 801 officio
464 760 634 801 nomina
659 759 758 801 bina
782 767 868 800 tuo.

62 831 128 858 me
155 816 229 858 tibi
254 816 524 871 Tyndareus,
550 816 637 857 vita
661 815 802 871 gravis
829 823 974 857 auctor
999 823 1037 857 et
1064 817 1197 866 annis,

119 872 306 914 tradidit:
339 872 557 914 arbitrium
581 872 718 928 neptis
743 872 927 913 habebat
953 887 1056 914 avus
1066 889 1077 922 3
1454 886 1497 917 30

63 938 103 970 at
128 936 248 984 pater
273 929 433 971 Aeacio
458 929 726 985 promiserat,
752 928 908 970 inscius
934 929 1028 970 acti.

118 986 213 1041 plus
239 999 426 1040 quoque,
453 986 525 1040 qui
550 986 664 1041 prior
689 993 750 1027 est
777 985 941 1035 ordine,
966 986 1097 1040 possit
1122 1001 1239 1027 avus.

63 1057 156 1084 cum
184 1042 259 1083 tibi
283 1043 517 1093 nubebam,
543 1043 647 1084 nulli
671 1057 766 1084 mea
791 1042 915 1084 taeda
939 1042 1135 1084 nocebat:

120 1099 153 1140 si
177 1099 329 1155 iungar
352 1099 538 1154 Pyrrho,
564 1107 609 1140 tu
635 1099 737 1140 mihi
762 1099 899 1140 laesus
926 1099 1019 1140 eris.

63 1163 104 1197 et
128 1162 247 1211 pater
270 1156 459 1212 ignoscet
483 1163 625 1197 nostro
650 1155 874 1197 Menelaus
901 1155 1051 1197 amori:
1455 1169 1499 1199 35

120 1193 340 1254 succubuit
365 1213 458 1254 telis
483 1213 692 1268 praepetis
717 1213 807 1268 ipse
834 1212 913 1254 dei.

62 1282 187 1323 quem
214 1269 292 1310 sibi
316 1269 574 1325 permisit,0
550 1283 704 1311 otenero
731 1269 931 1311 concedet
956 1283 1154 1311 amorem.

117 1326 303 1381 proderit
329 1327 522 1381 exemplo
548 1334 681 1367 mater
706 1334 846 1367 amata
871 1341 960 1367 suo.

62 1390 106 1424 tu
133 1382 254 1431 mihi,
281 1383 395 1436 quod
420 1383 543 1424 matri
568 1390 687 1438 pater
711 1391 786 1424 est.
849 1397 953 1436 quas
979 1389 1124 1438 egerat
1148 1381 1248 1423 olim

118 1438 362 1481 Dardanius
387 1440 517 1494 partis
543 1440 726 1488 advena,
753 1440 942 1494 Pyrrhus
969 1440 1069 1495 agit.
1455 1453 1498 1483 40

62 1496 131 1537 ille
155 1496 251 1537 licet
276 1496 421 1551 patriis
447 1496 535 1538 sine
561 1497 644 1538 fine
671 1496 885 1551 superbiat
911 1497 1033 1538 actis:

120 1559 159 1593 et
185 1559 248 1600 tu,
275 1566 384 1606 quae
408 1553 566 1594 referas
592 1553 705 1594 facta
730 1553 935 1608 parentis,
960 1553 1105 1593 habes.

62 1608 306 1650 Tantalides
333 1609 466 1650 omnis
490 1610 714 1664 ipsumque
740 1610 914 1663 regebat
939 1609 1170 1650 Achillem:

118 1665 186 1706 hie
211 1680 308 1720 pars
334 1665 526 1714 militiae,
554 1666 639 1706 dux
666 1674 751 1707 erat
778 1666 846 1707 ille
873 1666 1041 1706 ducum.

62 1729 107 1763 tu
127 1735 293 1786 quoque
319 1721 449 1763 habes
468 1737 672 1777 proavum
693 1722 897 1787 Pelopem
916 1721 1174 1777 Pelopisque
1194 1728 1430 1777 parentem3
1456 1735 1501 1765 45

119 1778 153 1819 si
179 1778 328 1820 melius
353 1794 567 1827 numeres,
594 1795 617 1820 a
643 1779 746 1820 Iove
772 1779 942 1831 quintus
969 1779 1062 1820 eris.

61 1849 139 1876 nec
164 1835 317 1876 virtute
345 1850 474 1876 cares.
535 1851 652 1876 arma
676 1835 883 1876 invidiosa
908 1835 1057 1876 tulisti:

120 1891 192 1933 sed
217 1899 262 1932 tu
288 1891 390 1945 quid
415 1892 602 1933 faceres?
626 1892 763 1932 induit
787 1892 858 1932 illa
882 1899 1014 1946 pater.

62 1948 236 1990 materia
261 1949 412 1989 vellem
437 1948 556 1989 fortis
581 1948 752 1990 meliore
778 1948 950 1989 fuisses:

118 2019 202 2046 non
226 2005 334 2046 lecta
359 2012 421 2046 est
446 2005 581 2060 operi,
608 2005 681 2046 sed
707 2005 805 2046 data
830 2019 958 2046 causa
982 2012 1068 2046 tuo.
1457 2020 1499 2049 5ο

61 2061 169 2103 hanc
195 2069 336 2103 tamen
360 2061 560 2116 implesti,
585 2061 818 2117 iuguloque
844 2062 1077 2118 Aegisthus
1103 2068 1246 2117 aperto

120 2126 229 2160 tecta
254 2119 507 2168 cruentavit,
534 2133 642 2172 quae
668 2126 788 2173 pater
813 2126 910 2160 ante
936 2126 1047 2159 tuus.

62 2175 248 2230 increpat
273 2175 483 2217 Aeacides
508 2176 761 2229 laudemque
786 2175 829 2216 in
856 2175 1030 2216 crimina
1055 2175 1196 2216 vertit:

121 2239 159 2273 et
185 2239 325 2273 tamen
352 2239 548 2287 aspectus
575 2232 751 2273 sustinet
776 2233 845 2274 ille
871 2247 1000 2274 meos.

51 2302 246 2343 ,rumpor,
273 2296 314 2330 et
339 2302 411 2329 ora
436 2289 538 2329 mihi
563 2289 718 2344 pariter
743 2303 839 2330 cum
865 2297 1005 2330 mente
1031 2295 1283 2338 tumescunt,
1456 2302 1499 2332 55

119 2351 372 2400 pectoraque
396 2345 568 2386 inclusis
593 2345 762 2400 ignibus
788 2352 883 2386 usta
908 2346 1062 2386 dolent.

62 2401 292 2443 Hermione
318 2415 457 2442 coram
484 2402 761 2455 quisquamne
788 2402 937 2442 obiecit
966 2400 1122 2451 Oresti,

119 2471 198 2499 nec
222 2457 323 2498 mihi
348 2465 444 2498 sunt
474 2458 601 2505 vires,
627 2473 704 2499 nec
730 2458 843 2499 ferus
870 2458 979 2499 ensis
1006 2458 1150 2499 adest?

62 2514 160 2555 flere
185 2513 281 2555 licet
307 2521 431 2554 certe.
491 2514 630 2555 flendo
657 2514 932 2554 diffundimus
956 2514 1075 2563 iram,

119 2584 277 2625 perque
303 2570 439 2611 sinum
465 2571 661 2612 lacrimae
686 2571 868 2611 fluminis
894 2570 1025 2611 instar
1049 2578 1162 2612 eunt.
1454 2585 1497 2615 60

62 2626 137 2668 has
163 2626 271 2668 solas
298 2627 433 2668 habeo
459 2642 624 2682 semper
649 2641 897 2683 semperque
922 2627 1145 2682 profundo.

119 2692 263 2725 ument
288 2684 471 2726 incultae
497 2684 611 2725 fonte
636 2699 819 2740 perenne
846 2698 994 2739 genae.

62 2755 160 2781 num
188 2740 353 2795 generis
379 2741 486 2790 fato,
513 2741 625 2795 quod
650 2748 813 2783 nostros
841 2748 950 2783 errat
974 2740 1017 2782 in
1043 2755 1189 2791 annos,
