1831 3168
499 238 770 274 HEROIDUM
796 238 878 273 XV.
907 238 1097 273 120—207.

176 328 300 375 teque
326 319 407 361 mei
435 319 561 361 scires
588 335 678 362 esse
704 320 858 361 laboris
885 333 1004 375 opus.

117 392 230 419 nunc
257 377 357 418 mihi
384 376 440 417 nil
467 386 678 432 superest,
703 378 783 418 nisi
809 384 868 427 te,
895 378 1101 427 formosa,
1127 377 1303 433 precari,

176 434 454 489 amplectique
482 441 596 483 tuos,
623 434 656 475 si
683 434 863 489 lantiam,
890 435 1032 490 pedes.

118 506 142 532 o
170 492 318 540 decus,
345 505 368 531 o
396 506 644 556 praese-nst>
620 492 883 532 aeminorum
908 491 1043 546 crloria
1068 491 1259 540 fratrum,

175 563 199 588 o
228 548 326 589 Iove
354 548 482 603 (ligna
508 548 618 597 viio,
645 548 687 588 ni
712 548 814 589 Iove
840 556 939 589 nata
964 548 1088 597 fores,

118 612 187 645 aut
217 620 296 659 ewo
323 584 476 659 Sigeos
502 612 690 659 repetam
716 612 755 646 te
782 604 961 658 coniuge
987 613 1145 659 portus,

176 672 247 703 aut
241 642 340 702 esliic
366 661 403 701 'l
407 661 576 702 aenaria
601 668 803 715 contegar
828 661 926 702 exul
951 660 1098 702 humo!

118 734 201 759 non
228 734 321 760 mea
347 725 443 758 sunt
469 732 633 758 summa
658 718 806 758 leviter
832 716 1021 758 districta
1046 717 1201 772 &witta

176 784 364 830 pectora:
392 774 609 815 descendit
633 774 786 814 vulnus
813 773 867 814 ad
892 787 987 814 ossa
1011 789 1166 814 meum.

117 832 196 873 hoc
221 831 322 871 mihi
346 854 403 859 —
427 845 526 871 nam
551 837 694 885 repeto
718 853 776 858 —
799 829 910 879 fore,
935 837 982 870 ut
1007 845 1031 871 a
1057 830 1236 872 caeleste
1263 830 1417 886 sagitta

174 889 293 943 sigar,
320 894 407 928 erat
434 902 562 928 verax
588 886 817 928 vaticinata
842 901 971 928 soror.

116 960 241 1000 parce
268 945 413 985 datum
439 943 555 992 fatis,
583 944 767 993 Helene,
794 951 1062 986 contemnere
1089 958 1297 986 amorem:

174 1002 233 1042 sie
259 1001 416 1042 habeas
441 1001 586 1042 faciles
611 1001 654 1042 in
680 1008 752 1042 tua
778 1008 876 1041 vota
902 1000 1015 1042 deos.

116 1059 249 1099 multa
275 1058 445 1112 quidem
473 1058 674 1099 subeunt:
702 1057 777 1099 sed
803 1072 946 1099 coram
971 1066 1018 1099 ut
1042 1057 1165 1113 plura
1189 1059 1426 1112 loquamur,

175 1115 322 1170 excipe
349 1130 415 1156 me
441 1115 549 1156 lecto
574 1122 697 1156 nocte
724 1114 872 1156 silente
899 1122 984 1156 tuo.

117 1188 171 1212 an
195 1173 326 1226 pudet
354 1180 394 1213 et
419 1172 571 1213 metuis
596 1172 809 1214 Venerem
835 1179 1039 1214 temerare
1065 1171 1261 1214 maritam

176 1236 375 1294 castaque
401 1228 577 1283 legitimi
603 1228 783 1270 fallere
772 1244 865 1270 lura
890 1228 994 1270 to1i?

115 1285 160 1327 a!
187 1285 364 1326 nimium
390 1285 567 1340 simplex
594 1285 759 1327 Helene
785 1284 857 1338 (ne
882 1286 1040 1327 rustica
1065 1286 1238 1342 dicam),

174 1342 282 1384 hane
308 1341 459 1383 faciem
486 1343 611 1398 eulpa
635 1356 758 1397 posse
785 1356 926 1384 effluere
952 1344 1103 1398 putas?

115 1406 187 1440 aut
213 1399 365 1440 taciem
390 1406 547 1448 mutes,
575 1407 647 1440 aut
672 1399 728 1440 sis
754 1414 839 1441 non
865 1399 970 1441 dura.
995 1415 1168 1443 necesse
1194 1408 1277 1443 est:

172 1456 221 1497 lis
248 1464 310 1497 est
336 1471 433 1497 cum
458 1456 595 1497 forma
620 1471 776 1512 magna
800 1457 1042 1512 pudicitiae.

114 1513 306 1568 Iuppiter
331 1513 395 1554 his
421 1513 599 1568 gaudet,
625 1514 785 1569 gaudet
811 1514 959 1556 Venus
986 1530 1115 1556 aurea
1140 1514 1282 1556 furtis:

172 1570 276 1611 haec
302 1570 377 1611 tibi
401 1585 553 1625 nempe
579 1579 740 1625 patrem
767 1571 881 1612 furta
906 1571 1061 1613 dedere
1086 1571 1247 1613 Iovem.

116 1626 186 1667 xix
211 1626 320 1675 fieri,
347 1627 382 1667 si
408 1634 504 1667 sunt
529 1627 639 1668 vires
664 1627 707 1668 in
732 1627 891 1669 semine
918 1642 1099 1677 morum,

174 1692 214 1725 et
238 1683 352 1724 Iovis
379 1691 419 1725 et
444 1683 591 1725 Ledae
616 1684 720 1733 filia,
747 1692 862 1726 casta
888 1692 1020 1739 potes.

115 1747 232 1781 casta
257 1748 398 1782 tamen
424 1747 514 1781 tum
540 1740 616 1790 sis,
642 1756 739 1782 cum
764 1748 804 1782 te
829 1757 925 1782 mea
950 1741 1079 1783 Troia
1104 1742 1276 1791 tenebit,

173 1805 212 1838 et
238 1805 311 1838 tua
337 1797 435 1846 sim,
462 1812 639 1851 quaeso,
666 1797 841 1839 crimina
866 1799 980 1840 solus
1007 1813 1100 1854 ego.

113 1868 226 1895 nunc
253 1869 302 1895 ea
326 1868 571 1909 peccemus,
598 1868 706 1908 quae
734 1855 914 1910 corriget
939 1855 1043 1896 hora
1067 1856 1236 1911 iugalis,

172 1911 206 1952 si
232 1911 357 1952 modo
382 1911 573 1966 promisit
597 1926 682 1952 non
708 1911 811 1952 mihi
836 1927 947 1954 vana
971 1912 1133 1955 Venus.

114 1968 187 2010 sed
214 1968 290 2009 tibi
316 1975 358 2009 et
383 1968 463 2009 hoc
488 1968 639 2010 suadet
663 1968 810 2018 rebus,
836 1983 922 2010 non
947 1984 1069 2018 voce,
1096 1969 1272 2011 maritus

169 2040 275 2067 neve
302 2025 367 2066 sui
392 2025 515 2066 furtis
540 2025 719 2081 hospitis
745 2026 902 2075 obstet,
930 2026 1062 2068 abest.

112 2097 198 2123 non
222 2082 371 2124 habuit
396 2090 583 2137 tempus,
610 2097 693 2136 quo
721 2081 869 2125 Cresia
893 2098 1025 2139 regna
1050 2083 1225 2133 videret,

171 2140 322 2194 aptius.
383 2154 407 2180 ο
434 2140 540 2180 mira
565 2140 793 2182 calliditate
819 2140 977 2183 virum!

114 2196 239 2237 cessit
265 2204 306 2237 et
332 2196 470 2239 ‘Idaei
495 2197 651 2238 mando
677 2197 772 2238 tibi’
801 2197 905 2239 dixit
929 2198 1064 2240 iturus

171 2258 336 2294 ‘euram
361 2268 437 2308 pro
462 2254 583 2295 nobis
610 2254 807 2310 hospitiS‚
833 2269 959 2304 uxor,
985 2271 1053 2311 ao·
1054 2256 1116 2297 ts

113 2310 298 2365 neclecris
325 2311 530 2360 absentis,
556 2318 699 2361 testor,
725 2312 926 2353 mandata
951 2313 1108 2354 mariti:

172 2381 245 2407 cur
248 2382 272 2407 ιι
297 2367 374 2407 tibi
397 2382 482 2409 non
509 2376 570 2409 est
595 2368 771 2423 hospitis
797 2369 883 2410 ulla
909 2370 983 2410 tui.

114 2423 294 2465 huncine
320 2431 365 2464 tu
392 2439 535 2479 speras
562 2424 774 2466 hominem
801 2425 889 2467 sine
916 2433 1084 2481 pectore
1111 2426 1230 2468 dotes

172 2495 294 2535 posse
321 2480 420 2521 satis
446 2481 627 2531 formae,
653 2481 864 2536 Tyndari,
890 2497 1013 2524 nosse
1039 2483 1164 2525 tuae?

113 2537 291 2578 falleris:
318 2537 497 2592 ignorat.
557 2553 655 2588 nec,
682 2538 716 2579 si
742 2538 853 2580 bona
877 2555 1034 2595 magna
1058 2548 1240 2595 putaret,

172 2609 279 2648 quae
306 2601 438 2643 tenet,
466 2601 639 2636 externo
666 2596 854 2638 crederet
879 2576 974 2638 illaU
975 2597 1077 2639 viro.

114 2659 158 2692 ut
185 2660 225 2692 te
250 2666 328 2693 nec
354 2667 448 2693 mea
474 2666 556 2693 vox
581 2666 660 2694 nec
686 2660 725 2694 te
751 2668 870 2695 meus
896 2653 1040 2696 incitet
1066 2654 1204 2705 ardor,

172 2709 363 2764 cogimur
387 2709 519 2764 ipsius
545 2709 842 2752 commoditate
868 2710 970 2752 frui:

112 2772 187 2807 aut
213 2766 367 2808 erimus
394 2766 510 2808 stulti
535 2766 594 2809 sic
620 2774 664 2809 ut
691 2782 938 2823 superemus
964 2775 1003 2811 et
1029 2768 1182 2824 ipsum,

1434 230 1460 270 cx

1463 230 1490 271 C!

1518 391 1580 420 1⁴35

1518 675 1583 705 170

1518 959 1581 990 175

1521 1244 1585 1274 180

1519 1814 1583 1845 190

1519 2099 1581 2129 195

1517 2383 1582 2415 ‘200

1514 2669 1577 2701 205
