1831 3168
523 230 795 267 usnemun
821 231 906 265 ΧΠ.
934 231 1103 266 18-105.
1444 221 1500 265 41

188 327 311 354 manc
337 320 445 361 crat,
473 320 514 354 ct
540 313 723 354 thalamo
749 327 846 354 cara
871 321 1039 368 recepta
1065 326 1193 353 soror.

130 370 432 423 disiectamque
459 384 600 411 comas
626 384 858 423 aversaque
883 370 926 410 in
953 385 1026 410 ora
1051 370 1257 411 iacentem

186 426 366 475 invenit,
394 434 433 467 ct.
459 427 640 468 lacrimis
667 427 807 468 omnia
832 426 956 481 plena
982 427 1098 467 meis.

129 491 222 525 orat
247 498 370 538 opem
397 484 570 538 Minyis.
631 484 736 538 petit
761 484 911 531 altera,
938 491 980 524 at
1006 483 1136 524 altera
1161 483 1364 524 habebat:
1525 496 1566 527 65

186 540 375 581 Aesonio
400 540 541 582 iuveni
567 541 680 594 quod
706 547 826 594 rogat
852 541 942 588 illa,
969 540 1132 580 damus.

129 604 192 638 est
216 612 365 638 nemus
392 606 433 638 ct
456 597 586 652 piceis
612 604 653 638 ct
678 597 898 637 frondibus
924 597 1028 638 ilicis
1056 606 1207 645 atrum,

185 654 255 694 vix
281 654 381 694 illuc
406 654 532 694 radiis
559 654 656 694 solis
683 654 798 694 adire
824 653 933 694 licet.

127 719 225 751 sunt
249 711 291 751 in
317 725 366 751 eo
391 734 448 739 ——
471 710 640 751 fuerant
665 717 776 750 certe
802 733 859 738 —
883 709 1059 749 delubra
1085 709 1273 750 Dianae:

185 782 313 808 aurea
341 766 558 808 barbarica
584 773 665 806 stat
692 766 771 806 dea
795 765 907 806 facta
934 780 1075 807 manu.
1526 780 1567 810 70

127 824 277 871 scisne,
304 838 358 864 an
383 831 424 864 et
450 822 697 864 exciderunt
722 836 888 863 mecum
914 822 1032 862 loca?
1068 821 1261 862 venimus
1287 821 1405 863 illuc:

183 894 304 920 orsus
331 894 374 921 es
400 879 529 920 infido
555 879 613 920 sic
638 879 752 934 prior
777 893 848 919 ore
873 878 990 932 loqui

126 936 210 977 ‘ius
236 936 311 977 tibi
338 943 378 978 et
404 936 622 977 arbitrium
647 943 815 977 nostrae
838 935 1009 976 fortuna
1034 934 1179 975 salutis

182 993 376 1042 tradidit,
402 993 529 1047 inque
556 1000 629 1034 tua
654 1000 717 1034 cst
743 992 912 1046 vitaque
937 1005 1135 1045 morsque
1161 1006 1303 1032 manu.

124 1050 300 1104 perdere
326 1064 448 1104 posse
474 1058 538 1091 sat
564 1057 645 1098 est,
671 1050 834 1103 siquem
859 1049 976 1089 iuvet
999 1048 1092 1103 ipsa
1116 1056 1323 1104 potestas:
1525 1062 1565 1092 75

183 1106 257 1148 sed
282 1106 359 1147 tibi
383 1114 574 1148 servatus
600 1106 735 1162 gloria
759 1106 894 1146 maior
918 1120 1002 1147 ero.

124 1178 201 1218 per
225 1163 337 1204 mala
361 1171 504 1204 nostra
528 1177 691 1218 precor,
717 1177 898 1217 quorum
924 1170 1042 1217 potes
1069 1177 1161 1204 esse
1186 1162 1394 1212 levamen,

180 1234 256 1274 per
280 1235 416 1274 genus
441 1228 481 1261 et
506 1235 664 1262 numen
689 1227 842 1261 cuncta
866 1219 1047 1261 videntis
1074 1219 1156 1268 avi,

123 1291 200 1332 per
224 1276 398 1332 triplicis
425 1276 565 1318 vultus
592 1291 829 1331 arcanaque
855 1291 975 1318 sacra
999 1275 1167 1318 Dianae

181 1340 223 1374 et
248 1334 282 1374 si
307 1333 415 1375 forte
441 1334 604 1388 aliquos
629 1349 733 1388 gens
759 1334 888 1375 habet
912 1334 993 1375 ista
1018 1333 1139 1375 deos:
1524 1346 1567 1377 80

122 1403 148 1430 0
173 1390 313 1445 virgo,
339 1391 537 1432 miserere
561 1392 663 1440 mei,
689 1391 887 1432 miserere
912 1405 1124 1432 meorum:

181 1447 302 1488 effice
327 1463 395 1489 me
419 1447 578 1489 meritis
603 1456 771 1503 tempus
796 1448 841 1488 in
865 1462 988 1488 omne
1014 1446 1154 1488 tuum!

120 1503 273 1557 quodsi
297 1504 406 1546 forte
431 1505 568 1545 virum
592 1519 678 1546 non
703 1505 933 1560 dedignare
958 1504 1204 1559 Pelasgum,
1229 1527 1288 1534 —-

180 1561 253 1602 sed
278 1561 379 1601 mihi
406 1569 492 1602 tani
517 1561 663 1603 faciles
687 1562 800 1603 unde
826 1575 1028 1615 meosque
1054 1561 1182 1602 deos?
1206 1584 1264 1590 -—-

123 1617 293 1672 spiritus
320 1626 416 1659 ante
441 1633 562 1659 meus
587 1626 735 1660 tenues
761 1626 962 1659 vanescat,
984 1618 1027 1658 in
1053 1632 1190 1665 auras,
1522 1630 1564 1661 85

180 1688 309 1727 quam
334 1674 534 1723 thalamo,
559 1675 640 1716 nisi
666 1683 724 1724 tu,
750 1682 883 1729 nupta
909 1675 962 1715 sit
987 1674 1073 1715 ulla
1097 1688 1210 1715 meo:

121 1731 292 1772 conscia
317 1731 370 1771 sit.
394 1732 523 1780 Iuno,
550 1732 679 1773 sacris
704 1732 918 1786 praefecta
943 1731 1116 1779 maritis,

179 1795 220 1829 et
245 1788 342 1837 dea,
368 1803 604 1829 marmorea
629 1789 748 1829 cuius
773 1789 816 1829 in
841 1788 944 1830 aede
971 1787 1156 1829 sumusl'

121 1843 226 1885 haec
241 1844 427 1886 animum
444 1869 501 1874 —
514 1852 554 1886 et
569 1853 698 1899 quota
718 1860 813 1899 pars
834 1845 938 1886 haec
953 1844 1076 1885 sunt?
1089 1868 1144 1873 —
1156 1859 1327 1885 movere
1340 1844 1506 1899 puellae

179 1901 401 1956 simplicis,
428 1909 469 1943 et.
494 1902 666 1943 dextrae
693 1902 865 1943 dextera
890 1902 1034 1942 iuncta
1058 1916 1190 1942 meae.
1522 1915 1565 1946 90

121 1957 207 1999 vidi
232 1959 359 2000 etiam
383 1958 598 2008 lacrimas,
625 1973 673 2000 ac
698 1974 794 2014 pars
821 1965 884 2000 est
909 1958 1070 1999 fraudis
1094 1958 1139 1998 in
1163 1957 1258 1998 illis.

179 2015 238 2056 sic
264 2015 345 2057 cito
372 2031 464 2056 sum
491 2016 630 2057 verbis
656 2023 780 2070 capta
805 2015 947 2071 puella
973 2015 1068 2056 tuis.

121 2072 260 2127 iungis
288 2080 328 2114 et
353 2073 571 2128 aeripedes
596 2073 793 2114 inadusto
820 2087 992 2127 corpore
1018 2079 1161 2112 tauros

180 2138 220 2170 et
246 2129 423 2170 solidam
449 2130 563 2171 iusso
589 2145 758 2171 vomere
782 2130 906 2170 findis
932 2129 1123 2170 humum.
1378 2176 1381 2177 ⁷

120 2201 224 2227 arva
248 2187 465 2228 venenatis
490 2201 566 2242 pro
592 2186 750 2228 semine
776 2186 974 2228 dentibus
999 2186 1167 2240 imples:
1521 2200 1563 2230 95

178 2243 365 2284 nascitur
390 2251 431 2285 et
455 2244 618 2299 gladios
645 2251 849 2297 scutaque
874 2243 995 2284 miles
1020 2242 1161 2283 habet.

121 2299 214 2355 ipsa
239 2314 338 2355 ego,
364 2315 474 2354 quae
500 2301 698 2342 dederam
723 2300 1022 2349 medicamina,
1048 2298 1205 2354 pallida
1231 2298 1332 2347 sedi,

181 2371 277 2398 cum
302 2357 389 2397 vidi
414 2357 575 2399 subitos
601 2373 718 2399 arma
741 2364 883 2399 tenere
908 2357 1040 2397 viros:

121 2413 258 2454 donec
283 2414 518 2468 terrigenae
543 2414 727 2467 (facinus
752 2413 985 2467 mirabilel)
1010 2413 1160 2455 fratres

179 2470 289 2511 inter
313 2485 357 2511 se
384 2470 548 2511 strictas
575 2485 824 2512 conseruere
848 2485 1012 2511 manus.
1522 2483 1586 2515 100

122 2526 295 2581 insopor
319 2541 417 2568 ecce
443 2527 545 2582 vigil
570 2527 756 2581 squamis
782 2526 1086 2581 crepitantibus
1111 2526 1286 2568 horrens

180 2583 340 2632 sibilat,
367 2591 409 2624 et.
433 2590 542 2625 torto
567 2591 735 2639 pectore
760 2584 887 2625 verrit
913 2583 1103 2624 humum.

122 2639 232 2681 dotis
258 2655 358 2695 opes
383 2640 457 2681 ubi
483 2641 625 2682 erant?
649 2641 724 2682 ubi
749 2648 839 2682 erat
863 2640 940 2681 tibi
964 2640 1082 2695 regia
1106 2640 1303 2690 coniunx,

182 2697 340 2751 quique
364 2698 492 2739 maris
516 2698 675 2753 gemini
700 2698 871 2739 distinet
898 2697 1081 2739 Isthmos
1106 2698 1264 2752 aquas?

121 2753 193 2796 illa
217 2768 296 2810 ego
304 2786 316 2805 ,
342 2769 450 2810 quae
475 2755 552 2797 tibi
577 2771 670 2797 sum
694 2769 808 2797 nunc
833 2754 1014 2809 denique
1040 2754 1220 2797 barbara
1244 2754 1370 2805 faeta,
1520 2768 1583 2799 105
