1831 3168
305 245 580 281 HEROIDUM
604 245 694 280 XII.
723 244 912 279 194—212.
940 243 1047 278 XIII.
1076 243 1200 280 1—65.

147 326 346 370 succiduo
372 327 488 368 dicor
512 327 787 382 procubuisse
812 341 940 381 genu.

89 385 158 426 vix
184 398 303 426 socer
328 383 535 439 Iphiclus,
562 384 631 424 vix
658 399 723 424 me
749 383 1017 438 grandaevus
1043 383 1242 432 Acastus,

146 441 218 482 vix
243 448 376 482 mater
400 440 542 496 gelida
567 449 728 482 maesta
751 440 898 481 refecit
923 454 1048 493 aqua.

89 497 276 539 officium
302 497 440 539 fecere
466 497 601 552 pium,
627 497 702 538 sed
727 496 873 538 inutile
898 497 1040 537 nobis:

146 554 354 608 indignor,
381 554 558 596 miserae
584 568 668 594 non
693 553 861 595 licuisse
887 552 1012 593 mori!

90 619 136 652 ut
161 611 282 652 rediit
309 611 493 659 animus,
519 611 674 665 pariter
698 609 859 650 rediere
885 609 1064 650 dolores.

148 675 319 723 pectora
343 667 556 722 legitimus
582 673 698 707 casta
723 665 948 706 momordit
974 679 1103 706 amor.

90 738 169 767 nec
194 724 296 764 mihi
322 723 551 778 pectendos
578 737 678 763 cura
703 729 766 762 est
789 721 993 776 praebere
1019 721 1208 776 capiIIOS‚

148 795 226 822 nec
250 780 352 821 libet
377 787 525 820 aurata
550 792 726 832 corpora
751 785 867 818 veste
893 777 993 831 tegi.

91 844 156 886 ut,
182 851 286 890 quas
313 836 538 891 pampinea
562 834 750 889 tetigisse
775 834 1026 889 Bicorniger
1049 833 1172 874 hasta

147 893 343 942 creditur,
370 892 452 933 huc
477 892 596 940 illuc,
624 905 709 944 qua
733 890 851 931 furor
877 890 983 946 egit,
1010 905 1074 931 eo.

91 950 347 992 conveniunt
372 956 526 990 matres
551 947 831 1002 Phylaceides
858 955 898 988 et
923 947 1026 987 mihi
1052 947 1235 988 clamant

148 1007 294 1048 ‘indue
320 1006 503 1061 regales,
531 1004 790 1054 Laudamia,
816 1004 972 1045 sinusl'

91 1064 250 1106 seilicet
274 1064 366 1118 ipsa
390 1077 535 1117 geram
561 1069 768 1103 saturatas
793 1061 952 1102 murice
976 1061 1110 1109 lanas,

148 1120 260 1162 bella
284 1120 363 1161 sub
388 1119 530 1160 Iliacis
555 1118 776 1160 moenibus
801 1118 871 1159 ille
896 1117 1041 1173 gerat?

90 1178 183 1234 ipsa
209 1191 350 1218 comas
375 1183 533 1232 pectar,
559 1176 682 1232 galea
708 1183 835 1229 caput
859 1175 928 1216 ille
954 1181 1189 1230 prematur:

147 1234 240 1289 ipsa
263 1248 395 1275 novas
421 1241 577 1281 vestes,
605 1233 711 1273 dura
735 1233 799 1272 vir
824 1247 942 1273 arma
966 1231 1099 1273 ferat?

92 1305 176 1346 qua
200 1305 392 1346 possum,
419 1290 614 1344 squalore
639 1297 735 1330 tuos
759 1289 922 1329 imitata
945 1289 1113 1329 labores

150 1347 265 1389 dicar
290 1354 331 1388 et
355 1347 460 1388 haec
486 1347 584 1388 belli
611 1354 803 1401 tempora
826 1345 957 1387 tristis
983 1360 1122 1401 agam.

91 1403 281 1460 Dyspari
305 1403 540 1452 Priamide,
567 1403 721 1444 damno
747 1403 932 1444 formose
957 1411 1139 1451 tuorum,

148 1469 236 1503 tam
261 1461 316 1502 sis
342 1461 472 1502 hostis
497 1460 628 1509 iners,
655 1474 783 1514 quam
808 1460 945 1500 malus
971 1459 1125 1514 hospes
1150 1473 1258 1501 eras.

94 1525 166 1561 aut
190 1526 231 1560 te
255 1518 490 1559 Taenariae
516 1517 668 1559 faciem
695 1517 888 1572 culpasse
913 1516 1102 1565 maritae,

151 1582 225 1616 aut
248 1574 308 1616 illi
333 1575 485 1616 vellem
511 1574 774 1629 displicuisse
800 1582 929 1614 tuam.

94 1640 160 1682 tu,
186 1631 258 1685 qui
283 1646 358 1686 pro
383 1639 505 1686 rapta
528 1631 726 1679 nimium,
753 1630 971 1678 Meuelae,
997 1629 1180 1677 laboras,

153 1689 191 1730 ei
216 1688 338 1737 mihi,
364 1703 491 1742 quam
517 1688 660 1728 multis
685 1687 835 1728 flebilis
860 1687 972 1727 ultor
997 1685 1097 1727 eris!

97 1745 157 1795 di,
183 1759 346 1801 precor,
372 1761 397 1786 a
420 1744 543 1785 nobis
569 1759 692 1785 omen
718 1752 930 1785 removete
956 1743 1186 1792 sinistrum,

154 1812 195 1844 et
218 1817 296 1843 sua
322 1802 392 1843 det
416 1801 561 1842 reduci
586 1801 649 1842 vir
673 1815 793 1842 meus
820 1815 936 1841 arma
961 1799 1067 1841 Iovi.

97 1859 172 1902 sed
196 1859 342 1907 timeo,
368 1859 562 1912 quotiens
588 1857 715 1898 subiit
740 1857 979 1898 miserabile
1005 1856 1184 1896 bellum:

153 1930 269 1957 more
293 1915 402 1956 nivis
427 1915 625 1956 lacrimae
652 1915 739 1955 sole
765 1913 974 1954 madentis
1000 1919 1114 1954 eunt.

95 1974 206 2015 Ilion
232 1980 273 2014 et
297 1972 494 2013 Tenedos
522 1971 763 2025 Simoisque
791 1978 833 2012 et
857 1969 1060 2010 Xanthus
1087 1976 1128 2010 et
1152 1967 1233 2010 Ide

153 2029 326 2071 nomina
352 2038 448 2070 sunt
473 2029 564 2084 ipso
590 2043 724 2083 paene
750 2027 938 2068 timenda
963 2041 1081 2068 sono.

97 2102 176 2130 nec
200 2102 347 2142 rapere
373 2101 573 2135 ausurus,
599 2085 679 2126 nisi
705 2100 749 2126 se
775 2084 1002 2125 defendere
1027 2090 1183 2139 posset,

155 2145 309 2199 hospes
335 2152 443 2185 erat:
470 2143 580 2184 vires
605 2149 780 2183 noverat
804 2142 875 2182 ille
901 2157 1013 2182 suas.

99 2209 291 2250 venerat,
317 2209 364 2241 ut
389 2200 504 2241 fama
529 2208 612 2248 est,
638 2200 770 2240 multo
796 2198 1038 2253 spectabilis
1064 2210 1181 2246 aure,

158 2258 314 2312 quique
341 2272 416 2298 suo
441 2257 653 2312 Phrygias
681 2270 855 2311 corpore
880 2255 1009 2296 ferret
1035 2269 1151 2309 opes,

102 2315 235 2357 classe
260 2314 443 2367 virisque
468 2324 639 2369 potens,
664 2328 740 2368 per
765 2327 874 2366 quae
899 2312 990 2353 fera
1014 2311 1126 2352 bella
1150 2316 1376 2364 geruntur:

161 2378 201 2413 et
226 2371 417 2424 sequitur
441 2371 562 2425 regni
586 2385 683 2425 pars
708 2377 838 2423 quota
864 2382 1075 2422 quemque
1101 2367 1190 2408 sui?

103 2428 169 2470 his
195 2441 274 2483 ego
300 2435 341 2468 te
368 2427 541 2475 victam,
568 2440 739 2467 consors
765 2425 940 2467 Ledaea
964 2424 1170 2479 gemellis,

163 2484 370 2539 suspicor:
397 2483 502 2525 haec
526 2483 690 2523 Danais
716 2497 840 2536 posse
864 2496 1016 2523 nocere
1042 2489 1159 2536 puto.

104 2543 294 2584 Hectora
318 2541 459 2582 nescio
485 2554 611 2593 quern
637 2540 782 2580 timeo:
808 2539 931 2579 Paris
956 2538 1145 2579 Hectora
1170 2536 1276 2578 dixit

162 2598 300 2640 ferrea
324 2597 558 2653 sanguinea
582 2596 692 2638 bella
716 2610 886 2637 movere
911 2610 1052 2636 manu.

106 2656 312 2703 Hectora,
339 2654 528 2708 quisquis
553 2653 588 2694 is
615 2660 695 2703 est,
722 2653 756 2694 si
783 2668 875 2694 sum
900 2653 976 2693 tibi
1001 2667 1116 2701 cara,
1143 2658 1309 2693 caveto:

165 2712 378 2768 signatum
401 2710 577 2752 memori
600 2718 770 2765 pectore
794 2724 949 2751 nomen
972 2709 1097 2751 habe.

108 2769 222 2812 hunc
246 2769 321 2810 ubi
345 2768 509 2819 vitaris,
535 2767 638 2809 alios
664 2767 796 2809 vitare
821 2774 1033 2809 memento
1085 2783 1088 2786 ⁴

1486 677 1532 710 30

1490 959 1533 990 35

1489 1243 1536 1274 40

1492 1527 1540 1558 45

1495 1811 1541 1842 50

1498 2095 1542 2125 55

1502 2377 1547 2408 60

1504 2661 1548 2692 65
