1831 3168
287 243 370 286 218
741 246 944 283 ΡΟΕΤΑΕ
970 246 1207 282 OVIDIANI

347 333 521 387 vulgus:
549 346 664 373 eram
689 329 827 371 lacero
854 336 1000 384 pectus
1027 336 1171 383 aperta
1197 327 1302 369 sinu.

289 400 334 432 tu
360 389 460 431 mihi
487 402 606 436 cura,
632 386 801 434 Phaon,
828 395 868 427 te
894 385 1057 426 somnia
1081 393 1223 426 nostra
1248 385 1469 434 reducunt,

347 445 508 487 somnia
532 444 715 485 formoso
743 441 985 483 candidiora
1011 442 1090 483 dic.

203 518 264 548 125
292 504 376 544 illic
401 512 441 543 10
467 501 648 550 invenio,
674 499 867 554 quamvis
893 498 1135 552 regionibus
1161 498 1287 539 absis.

348 559 421 601 sed
446 573 531 599 non
555 558 683 612 longa
709 556 807 597 satis
834 555 990 611 gaudia
1016 569 1186 596 somnus
1213 554 1353 596 habet.

292 631 417 672 saepe
442 624 537 657 tuos
562 622 706 655 nostra
731 613 893 655 cervice
919 627 1092 653 onerare
1117 612 1310 662 lacertos,

348 687 473 727 saepe
499 680 595 713 tuae
622 670 766 712 videor
791 669 1063 725 supposuisse
1089 683 1218 710 meos.

291 730 435 772 oscula
461 742 690 784 cognosco,
716 741 826 781 quae
852 736 896 767 tu
923 725 1183 767 committere
1208 725 1379 780 linguae

202 800 266 831 130
349 795 530 842 aptaque
556 799 782 826 consueras
808 784 1016 838 accipere,
1043 790 1141 837 apta
1167 782 1279 823 dare.

291 844 485 885 blandior
509 842 720 883 interdum
747 841 941 894 verisque
968 839 1179 881 simillima
1204 839 1334 880 verba

352 901 538 954 eloquor,
565 907 604 940 et
630 898 805 953 vigilant
833 897 1024 939 sensibus
1051 911 1124 937 ora
1149 896 1270 937 meis:

293 958 491 999 ulteriora
515 956 644 1011 pudet
671 970 860 1003 narrare,
887 954 960 996 sed
987 953 1128 994 omnia
1153 953 1272 1000 fiunt,

351 1022 390 1056 et
415 1014 548 1062 iuvat,
576 1021 616 1053 et
642 1012 730 1054 siue
757 1021 796 1053 te
822 1026 905 1052 non
931 1011 1027 1052 licet
1053 1025 1143 1052 esse
1169 1009 1283 1050 mihi.

206 1084 268 1115 135
297 1080 337 1113 at
365 1086 461 1113 cum
487 1085 530 1111 sc
556 1069 683 1111 Titan
709 1069 891 1110 ostendit
916 1076 955 1110 et
982 1067 1122 1108 omnia
1149 1081 1305 1115 seeum,

353 1136 439 1169 tam
465 1127 545 1168 cito
571 1142 637 1168 me
664 1140 832 1167 somnos
860 1125 1098 1166 destituisse
1125 1137 1289 1178 queror.

296 1193 416 1226 antra
440 1198 673 1236 nemusque
698 1190 814 1237 peto,
842 1190 1058 1235 tamquam
1083 1195 1232 1222 nemus
1259 1186 1462 1234 antraque
1486 1178 1668 1234 prosint:

353 1241 520 1283 conscia
546 1239 703 1281 deliciis
730 1239 800 1280 illa
825 1239 943 1280 fuere
969 1238 1084 1279 meis.

295 1299 393 1339 illuc
419 1297 570 1338 mentis
596 1297 735 1350 inops,
761 1303 807 1336 ut
832 1310 959 1349 quam
985 1294 1145 1335 furialis
1172 1293 1377 1335 Erichtho

207 1368 270 1398 140
353 1354 511 1409 attigit,
537 1354 579 1394 in
606 1353 711 1394 collo
737 1352 850 1393 crine
876 1352 1037 1393 iacente
1062 1351 1186 1392 feror.

297 1419 416 1452 antra
441 1410 584 1451 vident
611 1409 720 1450 oculi
748 1409 894 1450 scabro
920 1408 1147 1463 pendentia
1172 1407 1273 1456 tofo,

354 1482 462 1521 quae
488 1466 590 1507 mihi
614 1465 842 1521 Mygdonii
867 1464 1086 1505 marmoris
1111 1464 1242 1504 instar
1268 1474 1404 1505 erant:

295 1524 463 1565 invenio
490 1524 657 1571 silvam,
685 1537 794 1576 quae
820 1536 945 1576 saepe
972 1521 1127 1572 cubilia
1151 1520 1272 1561 nobis

353 1581 548 1636 praebuit
573 1588 614 1621 et
639 1580 771 1620 multa
796 1578 900 1619 texit
925 1592 1058 1632 opaca
1083 1592 1215 1619 coma.

208 1651 270 1681 145
298 1646 337 1679 at
363 1652 447 1678 non
471 1636 640 1678 invenio
666 1636 881 1677 dominum
909 1635 1122 1688 silvaeque
1149 1648 1388 1688 meumque.

354 1695 436 1735 vile
462 1694 597 1735 solum
623 1693 740 1734 locus
767 1700 846 1733 est:
874 1692 949 1733 dos
975 1700 1063 1733 erat
1087 1691 1157 1733 ille
1182 1691 1275 1732 loci.

299 1751 479 1806 cognovi
504 1765 670 1806 pressas
695 1750 784 1790 noti
809 1749 911 1790 mihi
938 1747 1134 1803 caespitis
1160 1747 1331 1789 herbas:

357 1808 407 1849 de
433 1817 576 1849 nostro
603 1822 779 1848 curvum
803 1806 989 1861 pondere
1013 1820 1189 1857 gramen
1214 1812 1315 1846 erat.

298 1864 472 1906 incubui
497 1864 701 1919 tetigique
725 1864 883 1912 locum,
911 1877 996 1916 qua
1020 1870 1137 1917 parte
1163 1861 1297 1903 fuisti:

210 1934 273 1964 150
355 1929 477 1975 grata
501 1921 617 1975 prius
641 1920 835 1961 lacrimas
862 1919 1064 1960 combibit
1090 1918 1220 1959 herba
1244 1933 1372 1960 meas.

299 1978 399 2032 quin
426 1977 552 2018 etiam
577 1976 682 2017 rami
708 1976 854 2031 positis
880 1977 1026 2030 lugere
1052 1975 1247 2016 videntur

357 2034 596 2081 frondibus,
623 2042 664 2074 01
688 2033 828 2073 nullae
855 2032 976 2072 dulce
1003 2039 1235 2085 queruntur
1260 2045 1372 2072 aves.

300 2091 388 2131 sola
415 2091 551 2131 virum
576 2104 660 2130 non
686 2089 774 2130 ulta
799 2089 866 2144 pie
892 2088 1171 2130 maestissima
1195 2097 1328 2129 mater

358 2147 537 2188 concinit
563 2146 786 2187 Ismarium
812 2145 991 2186 Daulias
1017 2145 1103 2186 ales
1130 2145 1240 2200 Ityn.

214 2219 273 2247 155
301 2205 385 2245 ales
412 2204 528 2258 Ityn,
557 2202 731 2261 Sappho
758 2203 943 2243 desertos
971 2209 1109 2242 cantat
1136 2216 1318 2242 amores:

358 2261 558 2301 hactenus
583 2260 626 2300 in
650 2259 789 2301 media
814 2267 980 2301 caetera
1005 2267 1126 2300 nocte
1152 2258 1286 2304 silent.

301 2328 359 2358 est
385 2318 541 2358 nitidus
568 2317 784 2369 vitreoque
809 2315 945 2370 magis
971 2314 1211 2370 perlucidus
1238 2330 1359 2356 amne

357 2375 450 2414 fons
477 2388 611 2415 sacer:
638 2373 750 2414 hunc
775 2373 896 2414 multi
921 2387 1077 2414 numen
1104 2372 1259 2413 habere
1285 2378 1453 2427 putant:

301 2447 424 2484 quem
452 2446 575 2485 supra
604 2445 743 2471 ramos
769 2429 969 2485 expandit
995 2429 1190 2483 aquatica
1213 2429 1334 2478 lotos,

217 2503 274 2529 mo
358 2504 441 2528 una
466 2503 635 2537 nemus3
661 2495 805 2528 tenero
831 2485 1013 2541 caespite
1039 2494 1150 2527 terra
1175 2485 1292 2526 viret.

303 2545 366 2583 h’w
394 2559 472 2597 ego
499 2559 594 2585 cum
619 2545 752 2584 lassos
777 2542 1009 2598 posuissem
1036 2542 1185 2583 flebilis
1212 2551 1339 2591 artuS‚

359 2601 541 2641 constitit
570 2610 664 2642 ante
691 2601 833 2641 oculos
858 2599 989 2640 Naias
1015 2614 1100 2640 una
1125 2613 1259 2640 meos:

302 2658 482 2698 constitit
510 2666 547 2698 et
576 2658 680 2697 dixit
706 2657 923 2710 ‘quoniam
948 2670 1031 2696 non
1056 2655 1226 2711 ignibus
1251 2653 1395 2710 aequis

359 2714 509 2761 ureris,
536 2714 767 2754 Ambracia
792 2721 855 2755 est
879 2721 989 2754 terra
1014 2713 1196 2767 petenda
1220 2712 1308 2754 tibi.

247 2785 273 2807 ,π
302 2770 500 2810 Phoebus
527 2770 580 2810 ab
607 2771 791 2820 excelso,
818 2777 1022 2824 quantum
1049 2778 1182 2824 patet,
1239 2767 1384 2825 aspicit
1410 2781 1585 2822 aequor:
