1831 3168
225 238 293 268 XII
827 238 1065 265 PRAEFATIO.

225 317 347 349 menta
363 313 410 348 ab
429 323 471 349 eo
488 316 645 347 tractata
665 312 772 346 simul
795 323 874 346 cum
894 322 935 346 ea
989 312 1100 346 ariter
1117 315 1227 356 atque
1244 312 1369 357 inepto
1385 312 1464 348 loco
1481 312 1534 348 eis
1551 312 1675 350 utitur.

224 370 275 402 re,
293 359 390 403 quod
404 358 568 392 doctrina
581 357 811 401 exquisitiore
826 360 937 400 earet,
977 357 1109 391 evitate
1141 368 1207 391 sua
1233 361 1442 393 accuratam
1469 359 1510 392 a'r
1539 357 1676 392 umenti

225 404 390 438 effecisse
413 403 597 445 videntur,
622 412 664 436 eo
681 402 798 446 magis
817 406 937 435 autem
963 401 1235 446 dispositionem
1273 404 1395 447 (quam
1432 414 1497 448 pro
1516 407 1595 438 ecto
1637 403 1674 437 in

224 448 424 483 rhetoricus
455 450 565 492 poeta
596 446 800 481 rhetoribus
829 450 937 491 aptus
962 447 1128 481 omnibus
1157 447 1212 481 dis
1240 447 1336 482 icere
1364 447 1462 491 licet)
1491 459 1562 482 non
1594 458 1676 482 raro

224 497 314 536 crat,
333 494 425 527 iuter
441 502 531 536 quos
546 490 685 526 Seneca
700 491 938 536 philosophus
962 491 1086 526 turbat
1117 495 1154 527 et
1190 503 1210 526 o
1239 496 1370 526 scurat.
1403 512 1448 518 —-
1478 492 1676 527 Hominum

225 543 259 571 vt
285 537 530 578 Quintilianus
553 536 689 581 passim
713 536 790 571 eius
812 548 937 571 versus
963 547 1070 582 porro
1086 548 1154 571 usu
1171 542 1208 572 et
1229 537 1490 572 consuetudine
1507 538 1675 572 versatis-

223 583 389 616 all'erunt.
439 582 639 616 Praeterea
663 581 937 616 delicatioribus
962 583 1072 616 simus
1089 582 1309 627 humanique
1326 582 1409 617 ideo
1423 582 1545 626 animi,
1563 592 1676 626 quan·

224 627 429 661 hominibus
445 627 482 661 in
500 626 760 661 consuetudine
774 630 868 671 erat,
885 627 938 661 ita
962 631 1038 661 tum
1055 627 1092 662 in
1109 628 1206 662 vitae
1224 627 1484 662 consuetudine
1501 638 1540 662 se
1557 632 1676 662 osten-

223 672 353 706 Helius
366 672 804 716 imperatorApz‘ciz'Caelii
813 675 935 715 relata,
963 673 1017 706 dit
1032 675 1113 716 (nec
1125 676 1246 707 tamen
1263 673 1373 707 altius
1390 672 1675 718 profundiusve),

222 719 309 751 idem
334 718 446 752 Ovidii
465 718 571 751 libros
593 719 760 752 Amorum
787 719 823 751 in
851 720 937 752 lectu
963 718 1245 763 expertissimum
1268 718 1460 764 plurimam
1479 729 1523 753 ca
1544 728 1582 752 re
1606 717 1676 752 arti

222 774 353 807 semper
376 763 530 796 habuisse
553 773 575 797 a
599 761 792 807 Spartiano
816 774 846 798 c.
865 764 897 806 5,
915 764 936 797 9
962 774 1049 798 suae
1080 763 1344 798 iucunditatem
1381 763 1538 807 confert,
1579 763 1676 808 quod

222 811 399 841 narratur.
438 807 674 842 Frontoniani
693 819 774 842 eum
792 808 936 843 omnino
961 808 1202 855 psychologia
1224 819 1332 853 quam
1355 808 1482 843 dicunt
1503 808 1677 843 facillime

224 853 487 898 despiciebant.
541 853 642 887 Inter
673 857 800 898 poetas
831 853 936 888 multi
962 858 999 888 et
1026 853 1235 888 acutissime
1257 854 1353 888 inter
1379 858 1521 888 veteres
1549 857 1677 898 poetas
1702 866 1707 870 ·

222 899 281 933 vel
298 898 466 932 acumina
483 898 558 933 eius
575 899 865 944 rhetoricumque
883 899 936 933 di·
961 909 1084 933 omnes
1101 899 1224 933 utitur.
1269 898 1336 933 Cui
1352 899 1406 933 rei
1421 898 1582 933 vividum
1600 899 1678 934 eius

223 943 329 978 cendi
353 954 468 996 genus
491 944 548 978 vel
572 943 648 978 eius
678 943 835 978 rationes
864 954 936 978 me·
962 943 1119 978 animum
1137 953 1354 988 sensumque
1373 944 1401 978 si
1420 944 1536 989 addis,
1549 944 1676 986 habes,

222 989 333 1023 tricas
350 993 457 1031 (inter
479 1000 568 1041 quas
591 1000 763 1023 caesurae
785 989 878 1023 ratio
901 992 938 1024 ct
962 1000 1025 1024 cur
1057 989 1219 1034 speciose
1252 993 1289 1023 et
1317 989 1477 1024 suaviter
1504 989 1677 1023 narrandi

224 1034 414 1068 elisionum
435 1034 681 1079 infrequentia
703 1035 936 1080 praecipuae)
962 1046 1121 1068 summus
1151 1034 1310 1068 extiterit
1338 1034 1481 1078 artifex,
1511 1034 1549 1068 id
1579 1034 1676 1079 quod

223 1079 338 1113 secuti
360 1083 454 1123 sunt,
479 1079 525 1114 ef.
551 1080 594 1113 L.
614 1079 811 1114 Muellerus
835 1081 880 1114 dc
897 1090 936 1114 re
962 1080 1078 1125 magis
1096 1079 1206 1114 ctiam
1224 1090 1333 1124 quam
1349 1079 1438 1114 alibi
1462 1091 1499 1114 se
1517 1079 1677 1114 ostendit

221 1128 326 1159 metr.
350 1136 385 1169 p.
410 1125 465 1159 91.
485 1125 561 1160 136.
615 1125 822 1160 Extiterunt
844 1125 936 1159 adeo
961 1124 997 1159 in
1018 1125 1382 1170 Metamorphosesin,
1409 1135 1583 1170 suamque
1606 1124 1677 1159 sibi

223 1170 286 1213 qui
315 1170 411 1204 omni
439 1170 545 1204 modo
575 1180 656 1204 eum
687 1171 935 1213 imitabantur,
961 1170 1057 1204 viam
1080 1170 1214 1204 nullius
1241 1170 1398 1216 vestigia
1425 1180 1593 1215 premens
1622 1169 1674 1203 in—

222 1215 322 1250 velut
363 1215 426 1250 ille
465 1216 652 1250 ovidianus
688 1223 794 1261 poeta
837 1216 935 1260 apud
961 1215 1110 1250 venerit.

224 1259 369 1295 Gruter.
387 1260 513 1295 inscrr.
531 1260 610 1302 446,
627 1261 659 1296 8.
710 1261 857 1295 Talium
874 1261 935 1295 ho-

221 1306 360 1340 minum
377 1305 538 1340 carmina
554 1306 670 1351 primo
683 1310 723 1340 ut
739 1306 883 1340 videtur
899 1318 933 1351 p.

224 1350 309 1385 Chr.
334 1351 478 1386 saeculo
501 1355 579 1385 orta
596 1351 665 1385 vol.
684 1352 701 1385 1
718 1363 753 1396 p.
771 1352 839 1386 215
855 1362 933 1396 sqq.

221 1396 359 1430 addidi.
393 1396 564 1441 Denique
581 1397 700 1430 medio
718 1407 807 1431 aevo
825 1397 934 1431 etiam

221 1440 369 1476 foedum
383 1443 422 1475 de
436 1444 546 1475 vetula
554 1452 684 1486 poema
698 1445 734 1476 ct
745 1443 936 1476 rusticiora

221 1486 403 1531 quaedam
415 1488 454 1520 (Ie
467 1489 581 1531 pulice
593 1487 728 1530 (Amor.
745 1488 782 1521 11
797 1489 840 1522 15
854 1487 934 1521 imi—

220 1534 331 1575 tans),
365 1533 405 1566 (Ie
438 1533 606 1576 pediculo,
640 1534 679 1566 (Ie
716 1534 936 1566 medicamine

221 1578 370 1621 aurium,
395 1579 431 1611 et
454 1577 615 1611 carmina
638 1588 731 1621 quae
755 1577 854 1611 edidi
873 1589 933 1611 an-

219 1622 307 1656 thol.
335 1622 398 1656 lat.
423 1623 454 1655 1.
473 1622 505 1656 2.
524 1622 602 1656 674.
621 1623 698 1657 (382.
717 1622 794 1657 687.
814 1623 880 1657 787
899 1627 935 1656 ct

220 1667 401 1712 quaedam
455 1667 665 1702 ‘duodecim
713 1679 752 1702 sa
780 1668 933 1702 ientum'

218 1713 413 1753 (495—638
436 1713 572 1747 anthol.
597 1713 632 1755 l.)
657 1716 694 1747 et
717 1724 738 1747 a
776 1713 934 1748 *oldasto

220 1757 376 1801 denique
400 1769 429 1791 e.
455 1758 521 1792 762
544 1758 680 1792 anthol.
705 1758 727 1792 l.
749 1759 806 1792 ed.
831 1769 934 1793 meae

221 1802 352 1838 ovidio
368 1803 507 1836 tributa
524 1807 617 1837 sunt.
636 1823 680 1828 —

264 1847 535 1893 Descripsimus
556 1859 640 1882 ecce
663 1852 809 1893 poetam
831 1849 933 1894 inge-

217 1892 462 1927 niosissimum
480 1896 516 1927 et
538 1897 579 1927 ut
594 1893 647 1927 ita
669 1894 788 1927 dicam
805 1893 932 1928 Fortu-

218 1949 289 1973 nae
306 1938 432 1972 filium.
483 1938 553 1979 Qui
572 1949 653 1973 cum
669 1939 832 1973 versibus
855 1939 932 1984 pul-

218 1994 278 2018 cre
307 1988 343 2017 et
372 1988 457 2028 apte
483 1988 518 2017 et
546 1984 737 2028 splendide
762 1984 933 2029 loquendi

218 2029 430 2063 felicissima
441 2029 628 2073 praeditus
638 2033 733 2064 esset
746 2029 932 2073 facultate,

216 2074 348 2110 incidit
364 2074 401 2108 in
417 2078 593 2118 tempora,
607 2074 737 2119 quibus
753 2078 788 2109 et
803 2075 841 2109 in
856 2078 933 2109 arte

220 2123 257 2153 et
272 2119 309 2153 in
321 2119 418 2154 vitae
431 2119 572 2154 ratione
586 2120 706 2154 omnia
718 2119 791 2154 iam
806 2123 934 2164 parata

219 2168 333 2208 erant,
347 2164 479 2208 quibus
493 2165 628 2210 optime
646 2176 689 2200 ea
706 2165 862 2199 facultas
876 2176 933 2199 ex—

218 2210 408 2244 coleretur.
434 2209 513 2245 Ncc
527 2210 676 2244 dubium
693 2214 759 2254 est,
778 2211 864 2255 quin
880 2210 933 2244 in-

219 2255 318 2300 genii
335 2255 541 2290 ubertatem
564 2255 651 2290 lima
675 2260 712 2290 ct
734 2256 854 2290 studio
871 2256 933 2290 ad-

219 2300 363 2334 iuverit.
415 2299 488 2335 Sed
515 2300 598 2345 ipsa
626 2312 670 2336 ea
696 2301 933 2346 praestantia,

1159 1215 1320 1250 Facetiis
1338 1225 1483 1260 quoque
1507 1215 1676 1259 delectat,

962 1264 998 1295 et
1020 1260 1081 1295 hic
1103 1260 1179 1295 illic
1202 1261 1293 1295 adeo
1310 1281 1355 1286 —
1371 1261 1418 1295 sit
1433 1260 1540 1295 venia
1552 1259 1675 1304 verbo,

962 1306 1026 1340 sed
1043 1306 1155 1340 latine
1174 1305 1245 1340 dici
1259 1317 1329 1340 non
1342 1309 1464 1351 potest
1475 1326 1519 1331 —
1533 1306 1676 1340 ‘humo-

961 1362 1036 1385 rem
1045 1351 1052 1364 ’
1069 1362 1178 1396 quem
1190 1355 1369 1386 nostrates
1377 1351 1502 1386 dicunt
1513 1351 1676 1386 invenire

960 1396 1058 1431 licet.
1107 1397 1381 1442 vituperandus
1413 1400 1546 1440 autem,
1580 1396 1677 1441 quod

961 1451 1119 1476 amorem
1136 1441 1206 1475 nisi
1223 1442 1411 1487 vulgarem
1429 1445 1466 1476 et
1481 1452 1677 1476 venereum

961 1498 1033 1521 non
1057 1487 1155 1522 canit
1176 1487 1307 1531 ullum3
1331 1487 1427 1532 quod
1450 1486 1676 1532 reipublicae

960 1532 1302 1578 neglegentissimus
1332 1536 1386 1567 est
1415 1532 1493 1575 (sed
1521 1543 1566 1567 ea
1594 1543 1677 1567 eum

961 1577 1175 1622 aequalibus
1198 1578 1275 1612 fere
1299 1578 1504 1612 eommunia
1533 1577 1676 1621 habet);

960 1623 1057 1666 quod
1074 1622 1227 1668 gloriam
1245 1633 1347 1657 suam
1364 1623 1445 1667 plus
1461 1623 1555 1656 iusto
1572 1633 1676 1668 prae-

961 1668 1076 1711 dicat,
1131 1668 1229 1711 quod
1277 1667 1464 1711 aequabili
1517 1668 1678 1712 quadam

960 1715 1196 1757 (quamquam
1212 1716 1253 1747 ut
1270 1713 1344 1747 dixi
1360 1713 1554 1764 splendida
1571 1717 1608 1748 et
1622 1713 1676 1748 in-

959 1758 1124 1804 geniosa)
1136 1758 1277 1793 ratione
1291 1769 1411 1793 omma
1423 1762 1580 1793 tractare
1595 1769 1676 1793 con-

959 1807 1080 1838 tentus
1109 1803 1157 1837 ad
1184 1804 1350 1838 altiorem
1381 1814 1490 1838 verae
1523 1814 1674 1848 poeseos

960 1848 1155 1883 elationem
1183 1859 1332 1894 surgere
1362 1859 1433 1882 non
1467 1852 1588 1894 potest
1615 1849 1675 1883 vel

960 1898 1056 1928 certe
1074 1904 1118 1928 ne
1136 1897 1292 1939 temptat
1309 1893 1468 1938 quidem.
1488 1914 1532 1919 —

1003 1984 1133 2018 Restat
1149 1987 1189 2017 ut
1206 1984 1365 2018 breviter
1382 1994 1556 2029 enarrem,
1583 1994 1674 2029 quas

959 2029 995 2063 in
1012 2040 1050 2063 re
1068 2029 1195 2063 critica
1218 2029 1421 2064 factitanda
1443 2030 1604 2064 rationes
1621 2041 1675 2064 se-

959 2078 1062 2108 cutus
1080 2074 1158 2109 sim.
1207 2074 1251 2108 In
1269 2074 1401 2118 quibus
1420 2086 1500 2109 eum
1517 2074 1561 2109 R.
1581 2075 1675 2110 Mer—

959 2120 1069 2163 kelio,
1094 2119 1156 2164 qui
1182 2119 1336 2164 primum
1363 2120 1485 2154 Ovidii
1506 2120 1675 2155 volumen

960 2176 990 2199 a.
1016 2166 1105 2200 1855
1128 2165 1310 2210 (Lipsiae,
1336 2165 1494 2208 Teubn.)
1525 2166 1674 2212 egregie

961 2210 1086 2254 edidit,
1111 2210 1314 2254 consentio,
1337 2210 1449 2244 libros
1473 2212 1506 2245 P
1527 2211 1675 2253 (Parisi-

960 2267 1043 2289 num
1061 2256 1150 2290 8:242
1164 2266 1258 2289 saec.
1268 2256 1336 2299 IX)
1354 2259 1391 2290 et
1407 2257 1438 2290 R
1456 2255 1675 2297 (Parisinum

960 2302 1047 2335 7311
1072 2312 1165 2335 saec.
1188 2300 1227 2334 X
1248 2300 1365 2344 init.)1
1389 2301 1484 2335 solos
1506 2312 1571 2346 pro
1595 2300 1676 2336 fun-

221 2356 293 2390 qua
309 2356 433 2379 omnes
450 2345 541 2380 alios
563 2350 690 2391 poetas
707 2346 860 2381 Latinos
878 2358 933 2380 su·
960 2346 1129 2380 (lamento
1147 2346 1268 2391 operis
1291 2346 1480 2380 habendos
1498 2356 1594 2390 esse,
1618 2358 1675 2381 ec-

218 2394 336 2435 perat,
360 2390 448 2425 vitio
466 2391 499 2425 ei
520 2401 626 2425 versa
648 2395 720 2426 est:
745 2403 829 2426 nam
853 2402 933 2426 cum
959 2391 1027 2425 teri
1045 2391 1152 2435 enim,
1171 2391 1281 2426 etiam
1298 2390 1361 2436 qui
1374 2394 1494 2425 aetate
1508 2391 1579 2426 illis
1593 2402 1675 2437 pro-

220 2436 387 2469 ‘nimium
411 2439 550 2470 amator
565 2436 704 2482 ingenii
728 2437 799 2471 sui’
823 2440 934 2481 atque
960 2436 1045 2470 ximi
1076 2440 1175 2479 sunt,
1205 2436 1235 2470 si
1263 2437 1352 2480 quid
1379 2436 1498 2482 magis
1525 2437 1676 2482 placens

220 2481 331 2514 ctiam
352 2481 547 2516 voluntatis
570 2481 706 2516 viribus
728 2482 766 2516 in
783 2482 879 2516 omni
896 2493 934 2517 re
961 2482 1144 2526 exhibent,
1167 2482 1237 2516 hoc
1259 2492 1303 2516 ex
1325 2481 1534 2517 coniectura
1556 2485 1675 2517 ortum

219 2537 291 2559 non
309 2529 365 2559 sat
381 2526 492 2560 firmis
508 2530 614 2571 esset,
628 2527 697 2562 sibi
714 2527 866 2561 indulsit
882 2527 934 2561 lu-

221 2581 353 2614 susque
377 2575 414 2605 et
435 2572 603 2605 acumina
624 2572 834 2617 luminaque
857 2584 934 2607 ora-
1007 2565 1020 2588 1
1040 2562 1086 2587 PR
1099 2563 1262 2594 descriptos
1274 2563 1342 2589 vide
1361 2563 1393 2588 in
1406 2562 1543 2588 Merkelli
1562 2563 1675 2594 praefa-

220 2616 329 2650 tionis
352 2615 497 2661 (quibus
519 2617 700 2651 rhetorica
722 2618 796 2660 illa,
827 2629 935 2662 quam

221 2664 434 2706 argenteam
452 2661 572 2695 dicere
590 2662 756 2706 solemus,
774 2663 935 2697 latinitas

222 2705 368 2740 omnino
405 2706 541 2741 referta
579 2711 656 2750 est),
697 2710 808 2751 ‘quac
842 2708 934 2742 bene

222 2754 417 2796 cesserrmt,
451 2751 654 2796 relinquere
683 2753 820 2797 nescit,'
849 2756 935 2797 apto

960 2597 1051 2622 tione,
1089 2596 1112 2621 P
1128 2597 1262 2622 eontinet
1280 2597 1402 2622 Heroid.
1422 2597 1452 2621 Π
1470 2597 1607 2622 1-1—X1X
1626 2598 1676 2622 175

947 2626 1126 2678 '(nonnullis
1145 2629 1295 2661 exscissis)
1321 2633 1349 2655 et
1366 2631 1468 2655 Amor.
1487 2630 1501 2655 Ι
1519 2631 1544 2660 2,
1565 2631 1675 2655 51-111

962 2665 1001 2696 15,
1017 2666 1047 2697 ὃς
1066 2664 1091 2689 Ιί
1104 2665 1185 2689 Artis
1197 2666 1286 2689 amat.
1299 2664 1392 2690 libros
1410 2666 1470 2689 tres
1489 2665 1518 2689 et
1531 2665 1676 2690 Remedia

960 2706 1017 2723 ain.
1032 2701 1061 2724 et
1079 2699 1182 2723 Amor.
1197 2699 1287 2729 epigr.
1302 2701 1331 2723 et
1343 2698 1356 2722 I
1370 2700 1393 2729 1,
1409 2697 1473 2723 1—1
1485 2698 1509 2728 2,
1523 2698 1567 2723 49.
1604 2699 1674 2728 Qui-

962 2732 1014 2757 bus
1036 2733 1110 2757 locis
1128 2731 1270 2763 Pdeficit,
1291 2732 1321 2755 in
1341 2731 1576 2763 Guelferbytano
1596 2739 1673 2758 saec.

960 2765 1015 2790 ΧΗ
1029 2768 1057 2791 et
1071 2765 1287 2791 recentioribus
1300 2765 1550 2797 adquiescendum
1564 2769 1616 2791 est.
