1831 3168
367 216 420 258 78
819 223 862 258 Ρ.
891 223 1036 260 OVIDI
1063 223 1281 260 NASONIS

272 323 339 353 ρος)
422 308 592 362 ignaros
618 306 768 361 culpae
793 319 898 360 quos
925 305 1028 347 facis
1055 321 1145 347 csse
1171 306 1295 348 tuae?

365 373 406 406 ct
432 380 506 406 cur
530 362 748 418 ignorent?
797 363 919 404 matri
943 362 1041 404 licet
1065 363 1205 403 onmia
1230 379 1393 414 narres3

421 421 479 462 nil
505 428 597 469 tua,
625 418 840 475 Cydippe,
866 419 979 460 faeta
1003 419 1168 461 ruboris
1194 419 1363 462 habent.

365 477 511 518 ordine
536 477 603 518 fac
629 476 808 525 referas,
834 482 880 517 ut
906 476 961 517 sis
987 476 1090 516 mihi
1116 476 1285 531 cognita
1310 478 1506 533 plinium,

423 548 542 576 sacra
566 532 833 588 pharetlatae
859 533 959 573 dum
986 532 1126 574 facis
1116 548 1207 588 ipsa
1233 533 1349 583 deae,

273 606 338 635 205
365 599 412 632 ut
436 599 477 632 te
504 597 730 645 conspecta
754 589 914 638 subito,
942 589 976 630 si
1001 589 1108 631 forte
1134 597 1204 631 not
1210 591 1301 640 asti,

423 647 647 689 restiterim
672 647 802 688 fixis
792 663 835 688 m
860 654 932 687 tua
958 646 1147 688 membra
1171 648 1304 702 genis,

365 713 424 755 ct,
451 713 491 746 te
517 705 618 746 dum
643 704 819 745 nimium
846 703 986 752 miror,
1012 728 1069 732 —
1092 712 1192 745 nota
1218 714 1330 746 certa
1356 705 1507 747 furoris
1534 730 1590 735 —-

422 761 653 804 deciderint
677 761 833 802 umeris
860 761 986 816 pallia
1011 761 1129 816 lapsa
1154 761 1278 802 meis:

364 818 587 874 postmodo
612 818 753 860 nescio
778 832 863 872 qua
889 818 1053 859 venisse
1079 818 1263 859 volubile
1289 819 1460 868 malum,

273 889 339 920 210
422 876 553 917 verba
577 874 717 916 ferens
743 875 876 916 doctis
902 874 1103 915 insidiosa
1127 875 1256 916 notis:

364 933 476 987 quod
501 932 601 987 quia
626 932 678 973 sit
702 932 858 973 lectum
884 938 1029 972 sancta
1054 939 1273 986 praesente
1299 931 1454 982 Diana,

422 1005 513 1032 esse
540 996 658 1030 tuam
684 989 866 1029 vinctam
892 987 1064 1029 numine
1090 995 1196 1029 teste
1222 988 1361 1029 fidem.

364 1062 417 1089 ne
444 1054 584 1088 tamen
610 1046 776 1101 ignoret
802 1045 945 1100 scripti
971 1044 1179 1086 sententia
1204 1058 1313 1099 quae
1339 1045 1404 1094 sit,

421 1104 530 1145 lecta
555 1081 870 1176 tibi⁰q11911dam
895 1116 1007 1142 nunc
1032 1115 1201 1155 quoque
1228 1101 1357 1143 veiba
1382 1101 1504 1144 refer.

272 1172 338 1203 215
368 1160 519 1210 ‘nube,
545 1159 719 1215 precor‚’
747 1159 893 1200 dicet‘
904 1158 972 1200 cui
998 1165 1037 1199 te
1064 1158 1174 1199 bona
1198 1159 1374 1200 numina
1398 1159 1601 1215 iungunt:

423 1232 549 1271 quem
574 1216 664 1258 fore
689 1216 854 1266 iurasti,
881 1216 934 1256 sit
958 1230 1089 1271 gener
1114 1215 1182 1256 ille
1209 1215 1323 1257 mihi.

365 1274 554 1328 quisquis
581 1274 615 1315 is
642 1281 723 1323 est,
750 1274 934 1338 plac-eat,
961 1272 1158 1326 quoniam
1184 1273 1321 1327 placet
1347 1280 1442 1315 ante
1467 1272 1663 1315 Dianae)

422 1331 516 1372 talis
543 1330 620 1372 e1it
644 1338 790 1378 mater,
816 1329 852 1371 si
877 1329 1002 1370 modo
1029 1337 1164 1370 mater
1190 1329 1279 1370 erit.

365 1388 440 1430 sed
465 1394 607 1429 tamen
633 1394 674 1428 et
699 1393 892 1440 quaerat,
919 1386 1012 1439 quis
1038 1386 1117 1427 sim
1143 1387 1376 1441 qualisque.
1427 1387 1587 1429 videto:

273 1456 340 1488 220
422 1444 608 1486 inveniet
633 1443 753 1484 vobis
779 1443 1039 1484 consuluisse
1066 1443 1201 1484 deam.

365 1501 504 1542 insula
530 1499 645 1555 Cor)
648 1500 722 1542 ciis
747 1500 961 1554 quondam
988 1500 1260 1541 celeberrima
1284 1500 1481 1556 nymphis

423 1557 607 1612 cingitur
631 1557 828 1612 Aegan,
854 1557 1023 1598 nomine
1047 1554 1158 1605 Cea,
1185 1557 1309 1597 mari:

366 1615 437 1656 illa
461 1614 565 1655 mihi
590 1614 726 1669 patria
751 1621 826 1655 est.
886 1628 985 1663 nec,
1013 1613 1047 1654 si
1071 1627 1277 1668 generosa
1302 1614 1488 1668 probatis

423 1672 612 1720 nomina,
639 1670 847 1726 despectis
874 1685 1030 1726 arguor
1055 1678 1169 1711 ortus
1196 1670 1298 1711 avis.

275 1741 339 1771 225
367 1736 464 1770 sunt
489 1736 531 1770 et
556 1743 656 1783 opes
682 1728 823 1777 nobis,
850 1737 948 1769 sunt
974 1736 1015 1769 et
1040 1727 1128 1769 sine
1155 1727 1327 1769 crimine
1354 1742 1508 1770 mores:

423 1786 604 1840 amplius
630 1792 761 1839 utque
786 1785 909 1834 nihil,
937 1800 1003 1826 me
1029 1784 1104 1825 tibi
1129 1785 1266 1839 iungit
1292 1799 1420 1827 amor.

366 1850 587 1898 appeteres
613 1842 740 1883 talem
766 1842 833 1883 vel
858 1856 942 1883 non
966 1842 1103 1882 iurata
1128 1842 1343 1882 maritum:

423 1900 584 1940 iuratae
611 1899 677 1940 vel
703 1913 788 1939 non
813 1899 907 1939 talis
933 1898 1154 1939 habendus
1180 1907 1281 1939 erat.

366 1956 470 1998 haec
495 1955 571 1996 tibi
596 1970 663 1997 me
687 1955 730 1995 in
755 1955 912 1996 somnis
938 1955 1159 1996 iaculatrix
1184 1955 1367 1996 scribere
1392 1954 1582 2005 Phoebe,

274 2025 340 2057 230
422 2013 528 2054 haec
553 2012 629 2053 tibi
653 2027 721 2053 me
746 2011 917 2066 vigilem
943 2012 1125 2053 scribere
1150 2012 1270 2052 iussit
1297 2013 1450 2053 Amor:

365 2087 387 2113 e
414 2069 569 2125 quibus
595 2068 766 2110 alterius
792 2068 893 2109 mihi
919 2069 1003 2109 iam
1027 2083 1209 2110 nocuere
1236 2069 1427 2124 sagittae,

423 2127 594 2169 alterius
618 2133 797 2168 noceant
823 2141 875 2168 ne
901 2125 976 2166 tibi
1002 2127 1104 2175 tela,
1131 2140 1246 2167 cave.

365 2185 508 2226 iuncta
534 2184 647 2225 salus
672 2191 816 2224 nostra
841 2190 922 2232 est,
948 2183 1145 2224 miserere
1171 2183 1337 2236 meique
1363 2182 1523 2237 tuique.

423 2241 524 2296 quid
551 2240 719 2282 dubitas
745 2255 873 2281 unam
899 2240 1008 2282 ferre
1035 2239 1200 2281 duobus
1227 2240 1376 2295 opem?

272 2311 339 2342 235
367 2298 480 2353 quod
505 2299 539 2339 si
566 2297 807 2353 contigerit,
834 2312 931 2339 cum
955 2297 1039 2337 iam
1065 2297 1163 2337 data
1189 2296 1309 2351 signa
1335 2297 1546 2338 sonabunt

423 2355 637 2409 tinctaque
663 2355 805 2395 votivo
831 2354 1035 2409 sanguine
1060 2353 1194 2395 Delos
1220 2354 1309 2403 erit,

367 2428 495 2454 aurea
519 2419 700 2467 ponetur
725 2411 824 2452 mali
849 2411 982 2453 felicis
1007 2411 1163 2465 imago,

425 2484 638 2522 causaque
663 2468 881 2510 versiculis
908 2468 1063 2523 scripta
1089 2467 1253 2509 duobus
1281 2467 1376 2509 erit:

368 2527 529 2582 ‘effigie
554 2526 669 2581 pomi
694 2533 871 2567 testatur
895 2525 1104 2567 Acontius
1130 2525 1266 2575 huius,

275 2596 342 2626 ‘240
425 2597 533 2636 quae
559 2583 751 2624 fuerint
740 2598 784 2623 1n
810 2597 859 2624 eo
886 2583 1059 2638 smipta,
1086 2575 1220 2623 fuisse
1243 2581 1358 2622 r'ata.

367 2640 533 2694 longior
557 2639 770 2680 infirmum
795 2655 848 2681 ne
873 2640 1001 2681 lasset
1026 2638 1206 2694 epistula
1231 2653 1397 2693 corpuS,

426 2698 653 2750 clausaque
681 2705 881 2738 consueto
908 2697 959 2739 sit
985 2696 1061 2738 tibi
1085 2696 1186 2738 fine:
1213 2695 1325 2737 vale.
