1831 3168
341 229 368 267 ἓ..)
794 230 837 265 Ρ.
864 229 1010 266 olel
1035 229 1250 266 NASONIS

402 314 469 356 hic
495 320 663 355 steterat
689 312 849 353 Priami
876 311 991 365 regia
1017 310 1128 351 celsa
1153 310 1282 352 senis:

277 386 317 415 35
345 372 427 412 illic
453 370 681 418 Aeacides,
708 368 790 409 illie
816 367 1012 409 tendebat
1039 366 1202 416 Ulixes,

401 427 467 468 hic
493 426 629 467 alacer
654 425 803 465 missos
829 424 975 465 terruit
1000 424 1162 465 Hector
1187 424 1344 477 equos.’

345 482 505 538 [omnia
531 495 713 535 namque
739 488 811 522 tuo
837 480 988 529 senior,
1015 488 1055 521 te
1081 494 1282 533 quaerere
1310 480 1450 530 misso,

399 538 615 580 rettulerat
639 545 768 592 gnato
793 537 960 586 Nestor,
987 545 1028 577 at
1053 536 1121 578 ille
1148 535 1283 592 mihi.]

344 595 502 637 rettulit
527 602 567 636 et
593 594 704 636 ferro
729 593 1003 647 Rhesumque
1029 592 1281 647 Dolonaque
1308 608 1465 643 caesos,

275 667 318 695 40
399 658 530 705 utque
556 651 607 692 sit
632 650 700 692 hic
725 665 872 692 somno
898 650 1108 705 proditus,
1134 650 1202 691 ille
1229 650 1338 691 dolo.

343 723 472 749 ausus
498 723 562 756 es,
589 722 612 748 o
638 707 813 748 nimium
839 707 1099 760 nimiumque
1127 706 1252 747 oblite
1279 717 1460 754 tuorum,

399 764 581 805 Thracia
605 772 810 806 nocturno
836 772 1008 818 tangere
1035 771 1170 804 castra
1197 763 1292 804 dolo

344 829 485 875 totque
511 821 635 862 simul
661 829 844 862 mactare
870 821 1001 869 viros,
1029 820 1196 861 adiutus
1224 820 1276 860 al)
1303 819 1406 860 uno!

401 887 442 919 at
468 878 574 919 bene
601 886 750 919 cautus
776 893 867 919 eras
893 887 934 918 et
960 890 1119 918 memor
1144 884 1239 918 ante
1266 877 1376 918 mei?

275 948 317 978 45
343 949 476 988 usque
503 942 619 976 metu
644 934 827 976 micuere
853 934 986 982 sinus,
1014 933 1114 973 dum
1141 933 1273 974 victor
1298 932 1481 973 amicum

400 991 536 1033 dietus
563 1006 606 1033 es
632 991 818 1032 Ismariis
844 991 926 1031 isse
951 1005 1026 1045 per
1051 1004 1204 1042 agmen
1229 989 1360 1042 equis.

342 1048 416 1090 sed
441 1048 542 1088 mihi
568 1047 670 1101 quid
695 1048 865 1102 prodest
891 1046 1038 1088 vestris
1065 1046 1239 1087 disiecta
1263 1045 1429 1088 lacertis

398 1105 499 1146 Ilios
525 1112 563 1146 et
590 1120 735 1145 murus
761 1104 874 1158 quod
900 1104 999 1152 fuit,
1025 1118 1114 1144 esse
1142 1103 1289 1152 solum,

342 1161 376 1202 si
402 1175 551 1203 maneo
577 1161 711 1215 qualis
737 1161 865 1201 Troia
892 1160 1067 1201 durante
1093 1159 1330 1209 manebam,

274 1231 318 1261 50
398 1218 546 1272 virque
572 1218 674 1258 mihi
700 1218 869 1272 dempto
896 1217 978 1258 fine
1004 1216 1209 1258 carendus
1236 1216 1380 1258 abest?

343 1275 480 1316 diruta
506 1282 603 1316 sunt
628 1275 737 1324 aliis,
763 1274 835 1315 uni
860 1274 962 1314 mihi
987 1273 1199 1328 Pergama
1224 1282 1396 1322 restant,

397 1331 535 1372 incola
560 1331 726 1386 captivo
752 1346 861 1384 quae
886 1330 994 1371 bove
1020 1330 1153 1371 victor
1178 1339 1286 1378 arat3

342 1388 426 1429 iam
452 1403 573 1443 seges
598 1397 680 1437 est,
706 1387 780 1428 ubi
805 1387 933 1428 Troia
959 1386 1057 1435 fuit,
1083 1386 1394 1440 resecandaque
1421 1386 1529 1428 falce

397 1445 583 1486 luxuriat
607 1444 798 1499 Phrygio
825 1444 1028 1498 sanguine
1054 1443 1221 1498 pinguis
1247 1443 1414 1492 humus,

273 1515 315 1545 55
341 1501 612 1556 semisepulta
636 1501 773 1541 virum
799 1501 938 1541 curvis
964 1500 1171 1541 feriuntur
1196 1500 1342 1541 aratris

397 1572 504 1607 ossa,
530 1557 720 1598 ruinosas
746 1556 899 1598 occulit
923 1556 1054 1597 herba
1080 1556 1244 1597 domos:
1268 1579 1324 1585 —-

340 1614 474 1655 victor
498 1614 620 1663 abes,
645 1628 723 1655 nee
749 1613 855 1654 scire
879 1612 1003 1662 mihi,
1031 1627 1139 1666 quae
1166 1627 1292 1653 eausa
1317 1613 1522 1662 morandi,

397 1678 469 1712 aut
494 1671 537 1712 in
561 1684 645 1724 quo
671 1670 801 1712 lateas
828 1670 988 1711 ferreus
1015 1669 1135 1718 orbe,
1162 1669 1271 1710 licet.

340 1727 531 1781 quisquis
557 1727 611 1768 ad
635 1727 739 1768 haee
765 1727 887 1767 vertit
913 1726 1179 1781 peregrinam
1204 1726 1342 1766 littora
1367 1726 1560 1781 puppim,

272 1798 315 1828 60
397 1784 465 1825 ille
491 1784 593 1824 mihi
619 1783 670 1825 de
696 1792 736 1824 te
762 1783 894 1824 multa
918 1793 1091 1837 rogatus
1118 1783 1222 1823 abit:

341 1855 554 1895 quamque
581 1840 657 1881 tibi
682 1840 849 1888 reddat,
877 1840 910 1880 si
936 1848 976 1880 te
1001 1839 1126 1879 modo
1153 1838 1301 1880 viderit
1327 1853 1520 1892 usquam,

399 1897 576 1938 traditur
600 1896 697 1937 huic
723 1896 865 1949 digitis
893 1896 1036 1937 charta
1061 1905 1214 1936 novata
1239 1894 1355 1935 ineis.

341 1968 415 1995 nos
441 1953 601 2007 Pylon,
628 1953 787 2006 antiqui
813 1953 962 1994 Neleia
987 1952 1178 1992 Nestoris
1205 1967 1317 1999 arva,

397 2010 605 2051 misimus:
632 2010 792 2051 incerta
817 2018 879 2050 est
904 2009 1018 2049 fama
1043 2008 1215 2049 remissa
1240 2008 1363 2062 Pylo.

275 2080 316 2110 65
343 2067 533 2108 misimus
560 2075 598 2108 et
627 2065 826 2121 Sparten:
855 2064 1006 2120 Sparte
1033 2079 1201 2118 quoque
1226 2065 1368 2106 nescia
1393 2063 1494 2106 veri.

399 2138 504 2177 quas
529 2123 692 2164 habitas
718 2131 868 2171 terras,
895 2130 966 2162 aut
991 2122 1064 2162 ubi
1090 2121 1226 2162 lentus
1253 2121 1378 2162 abes?

342 2180 485 2221 utilius
510 2187 669 2221 starent
695 2179 819 2221 etiam
845 2193 957 2220 nune
982 2178 1147 2219 moenia
1171 2177 1336 2219 Phoebi

398 2237 575 2289 (irascor
599 2236 706 2278 votis
732 2235 814 2277 heu
839 2235 942 2277 levis
968 2235 1060 2290 ipsa
1084 2234 1247 2287 meisl):

343 2293 492 2335 scirem
516 2293 590 2334 ubi
613 2308 846 2348 pugnares,
873 2300 914 2334 et
939 2300 1100 2333 tantum
1129 2291 1238 2332 bella
1263 2291 1468 2335 timerem,

276 2363 317 2394 70
399 2359 440 2391 et
465 2364 559 2391 mea
585 2364 679 2391 cum
704 2350 845 2390 multis
870 2349 1013 2390 iuncta
1038 2348 1223 2402 querella
1249 2347 1370 2389 foret.

342 2407 442 2461 quid
469 2407 659 2456 timeam,
685 2406 853 2462 ignor03
879 2406 1005 2447 timeo
1031 2415 1170 2446 tamen
1197 2405 1337 2446 onmia
1363 2404 1549 2454 demens,

400 2472 441 2505 et
465 2471 579 2518 patet
605 2463 647 2504 in
673 2478 794 2504 curas
820 2478 917 2504 area
941 2463 1026 2503 lata
1050 2477 1178 2504 meas.

344 2534 636 2573 quaecumque
662 2534 820 2574 aequor
844 2519 984 2568 habet,
1009 2532 1301 2572 quaecumque
1326 2517 1511 2574 pericula
1537 2517 1675 2567 tellus,

401 2583 487 2616 tam
512 2576 663 2630 longae
689 2591 836 2618 causas
862 2576 1051 2631 suspicor
1075 2590 1166 2617 esse
1193 2589 1346 2616 morae.

280 2647 319 2677 75
345 2632 448 2673 haec
473 2647 552 2687 ego
578 2633 679 2673 dum
704 2633 828 2674 stulte
851 2641 1008 2682 metuo,
1034 2646 1141 2686 quae
1167 2639 1306 2673 vestra
1330 2630 1459 2672 libido
1485 2637 1559 2679 est,

401 2703 491 2730 esse
517 2689 738 2744 peregrino
764 2697 910 2744 eaptus
937 2703 1078 2730 amore
1103 2696 1234 2743 potes.

343 2745 518 2787 forsitan
543 2753 582 2787 et
608 2761 749 2787 narres
759 2777 770 2796 ,
796 2745 985 2800 quamsit
1012 2745 1087 2787 tibi
1112 2745 1267 2786 rustica
1292 2743 1488 2794 coniunx,
