1831 3168
442 244 661 280 AMORL'M
685 244 781 279 LIB.
807 244 855 278 11.
883 244 947 288 IV,
974 243 1109 287 17—V‚
1134 244 1189 278 54.

141 325 297 369 ferreus
324 333 385 368 est
410 325 670 379 nimiumque
697 340 773 366 suo
798 325 911 367 favet
936 325 1004 366 illc
1030 324 1176 373 dolori,

199 383 261 424 cui
288 383 442 437 petitur
467 383 575 423 victa
600 383 739 437 palma
764 391 935 424 cruenta
965 396 1047 423 rea.

140 438 231 493 ipse
254 439 378 480 miser
403 439 506 487 vidi,
533 453 627 480 cum
654 454 720 480 mc
746 439 925 480 dormire
951 447 1134 493 putare&

199 495 358 536 sobrius
385 495 576 550 apposito
602 495 774 536 crimina
799 504 937 536 vestra
962 508 1088 535 mero.

141 552 273 592 multa
296 552 517 607 supercilio
543 551 628 592 vidi
654 551 843 592 vibrante
868 552 1105 604 loquentes:

198 607 365 649 nutibus
391 608 444 649 ab
471 608 616 649 vestris
644 623 738 662 pars
765 608 874 648 bona
899 607 1013 647 vocis
1039 617 1139 647 erat.

139 678 222 704 non
250 664 357 705 oculi
382 674 549 705 tacuere
575 664 655 712 tui,
682 664 1000 717 conscriptaque
1026 663 1123 703 vino

198 735 360 769 mensa,
385 735 463 762 nec
488 721 528 760 in
555 720 694 774 digitis
719 719 857 760 littera
881 719 996 759 nulla
1020 719 1112 759 fuit.

140 790 374 818 sermonem
399 776 570 831 agnovi,
597 756 710 828 (Tuod
735 789 817 815 non
843 774 1046 822 videatur,
1074 782 1282 828 agentem,

197 833 407 885 verbaque
432 847 507 887 pro
533 831 654 872 certis
679 831 793 872 iussa
817 831 956 872 valere
981 831 1102 870 notis.

138 888 306 942 iamque
338 889 534 953 frequens
559 887 662 929 ierat
688 902 832 929 mensa
857 886 1035 928 conviva
1058 886 1219 928 relicta:

197 944 415 999 compositi
441 944 612 985 iuvenes
638 959 745 985 unus
771 953 812 985 et
836 943 941 984 alter
966 951 1095 984 erant.

140 1001 317 1056 inproba
342 1009 431 1042 tum
457 1015 555 1042 vero
580 1001 800 1055 iungentes
825 1000 968 1041 oscula
993 999 1096 1040 vidi:

195 1057 266 1098 illa
290 1057 392 1098 mihi
418 1057 562 1112 lingua
586 1072 695 1098 nexa
719 1056 849 1098 fuisse
873 1056 1022 1110 liquet:

139 1114 280 1167 qualia
304 1128 387 1154 non
412 1113 529 1154 fratri
554 1113 694 1154 tulerit
717 1128 920 1167 germana
944 1126 1103 1160 severo,

195 1170 268 1211 sed
293 1170 431 1211 tulerit
456 1170 608 1224 cupido
634 1170 769 1210 mollis
795 1169 929 1210 amica
954 1169 1062 1210 viro:

138 1226 278 1280 qualia
303 1226 500 1268 credibile
527 1234 588 1267 est
612 1240 695 1267 non
720 1225 944 1267 Phoebum
969 1225 1077 1267 ferre
1103 1224 1283 1274 Dianae,

194 1282 268 1324 sed
292 1283 504 1324 Venerem
528 1282 659 1323 Marti
684 1297 809 1336 saepe
835 1282 978 1323 tulisse
1004 1296 1094 1323 suo.

138 1338 259 1392 ‘quid
283 1338 431 1380 facis?'
458 1339 646 1380 exclamo
672 1343 776 1392 ‘quo
801 1353 913 1380 nunc
937 1353 1032 1380 mea
1055 1338 1211 1393 gaudia
1236 1338 1404 1380 differs?

193 1395 362 1437 iniciam
388 1395 576 1436 dominas
602 1395 644 1436 in
670 1411 764 1437 mea
788 1395 878 1436 iura
902 1395 1071 1436 manus!

138 1451 241 1494 haec
266 1452 343 1492 tibi
369 1460 465 1493 sunt
489 1466 674 1500 mecum,
699 1451 802 1492 mihi
827 1460 924 1493 sunt
950 1452 1188 1493 communia
1212 1458 1371 1493 tecum:

194 1508 236 1549 in
260 1508 372 1549 bona
397 1522 471 1549 cur
495 1509 718 1562 quisquam
744 1509 888 1550 tertius
913 1509 993 1549 ista
1017 1508 1174 1549 venit?

137 1565 216 1606 hoc
242 1579 341 1619 ego,
367 1579 559 1618 quaeque
586 1565 704 1605 dolor
727 1565 898 1619 linguae
924 1565 1109 1605 dictavit.
1170 1573 1212 1605 at
1236 1564 1295 1605 illi

195 1621 363 1662 conscia
387 1636 623 1676 purpureus
649 1621 761 1662 venit
785 1622 827 1661 in
854 1636 925 1661 ora
949 1621 1097 1675 pudor,

138 1678 260 1732 quale
287 1677 517 1718 coloratum
542 1677 714 1718 Tithoni
740 1677 919 1732 coniuge
945 1678 1106 1718 caelum

195 1734 416 1782 subrubet,
444 1742 515 1775 aut
541 1748 693 1788 sponso
719 1734 809 1774 visa
833 1734 973 1788 puella
997 1748 1125 1774 novo:

139 1790 262 1844 quale
287 1804 407 1832 rosae
432 1790 597 1845 fulgent
621 1791 728 1831 inter
752 1805 828 1831 sua
854 1790 938 1831 lilia
962 1790 1131 1839 mixtae,

195 1855 267 1888 aut
292 1846 365 1887 ubi
390 1846 567 1887 cantatis
592 1847 692 1887 luna
716 1847 878 1887 laborat
904 1847 1037 1900 equis,

138 1912 211 1944 aut
235 1903 361 1957 quod,
386 1918 438 1944 ne
463 1903 600 1957 longis
625 1903 849 1944 flavescere
875 1903 1005 1958 possit
1031 1903 1084 1943 ab
1110 1903 1243 1952 annis,

194 1959 388 2001 Maeonis
414 1959 639 2014 Assyrium
665 1959 823 2001 femina
847 1960 969 2000 tinxit
995 1959 1111 2000 ebur.

137 2016 200 2057 his
225 2024 314 2058 erat
339 2024 410 2056 aut
435 2016 560 2057 alicui
585 2016 699 2057 color
722 2016 790 2057 ille
816 2016 1049 2057 simillimus
1074 2016 1238 2066 horum,

195 2081 235 2114 et
259 2087 490 2126 numquam
517 2087 617 2114 casu
643 2072 857 2127 pulchrior
880 2073 951 2113 illa
975 2072 1067 2113 fuit.

139 2129 355 2184 spectabat
380 2138 552 2170 terram:
577 2137 731 2170 terram
757 2138 945 2184 spectare
971 2129 1159 2170 decebat.

195 2195 355 2227 maesta
379 2194 468 2226 erat
492 2186 534 2226 in
559 2186 693 2227 vultu:
719 2194 879 2226 maesta
904 2186 1100 2226 decenter
1124 2194 1225 2227 erat.

139 2242 245 2282 sicut
271 2249 387 2282 erant
412 2242 471 2293 (et
497 2249 615 2283 erant
640 2242 779 2293 culti),
804 2242 962 2282 laniare
988 2242 1158 2296 capillos

196 2307 237 2339 et
262 2297 341 2337 fuit
366 2297 408 2338 in
433 2305 597 2339 teneras
622 2297 804 2352 impetus
829 2298 888 2339 ire
913 2312 1058 2352 genas.

139 2364 183 2394 ut
209 2353 360 2394 faciem
385 2354 490 2402 vidi,
517 2354 646 2394 fortes
671 2354 858 2395 cecidere
884 2354 1046 2395 lacerti:

198 2410 370 2451 defensa
396 2418 457 2450 est
482 2410 608 2450 armis
632 2419 775 2451 nostra
798 2410 938 2464 puella
963 2409 1062 2450 suis.

140 2467 213 2521 qui
238 2465 362 2506 modo
387 2480 536 2506 saevus
562 2481 694 2514 eram,
720 2466 897 2520 supplex
921 2467 1114 2520 ultroque
1140 2465 1300 2521 rogavi,

197 2522 340 2564 oscula
364 2536 416 2563 ne
441 2522 562 2562 nobis
587 2522 791 2563 deteriora
816 2522 945 2563 daret.

140 2579 228 2620 risit
254 2588 293 2620 et
321 2593 371 2619 ex
398 2579 536 2619 animo
562 2578 677 2620 dedit
701 2578 875 2632 optima,
901 2578 1042 2631 qualia
1065 2588 1234 2633 possent

197 2644 392 2677 excutere
418 2635 523 2676 irato
549 2635 631 2676 tela
657 2635 826 2676 trisulca
849 2635 954 2675 Iovi.

140 2700 337 2745 torqueor
360 2691 526 2740 infelix,
550 2706 603 2732 ne
627 2699 713 2732 tam
738 2691 848 2732 bona
873 2691 1045 2732 senserit
1071 2692 1187 2740 alter,

198 2757 237 2790 et
263 2747 357 2789 volo
382 2762 466 2788 non
491 2762 542 2789 ex
568 2747 647 2789 hac
671 2748 741 2789 illa
765 2747 894 2789 fuisse
919 2756 1030 2789 nota.

1415 233 1499 275 103

1526 562 1567 592 15

1525 1692 1566 1723 35

1522 1975 1568 2005 40

1524 2256 1567 2286 45

1525 2537 1568 2567 50
