1831 3168
357 209 409 250 10
782 213 824 247 1‘.
852 210 995 246 OVIDI
1024 208 1238 245 NASONIS

411 297 648 339 Threiciam
676 294 815 349 digitis
842 291 1098 346 increpuisse
1124 291 1272 345 lyram,

355 371 480 410 quam
508 352 701 394 manibus
727 350 881 404 clipeos
907 356 948 390 et
973 356 1121 388 acutae
1147 346 1332 401 cuspidis
1358 346 1521 389 hastam

267 427 330 456 120
413 422 451 453 et
477 411 642 463 galeam
668 421 812 462 pressa
837 404 1084 445 sustinuisse
1111 403 1250 445 coma!

355 469 427 511 sed
454 467 527 507 tibi
553 480 628 521 pro
655 463 753 505 tutis
779 461 963 516 insignia
987 460 1100 501 faeta
1124 459 1361 515 placebant,

411 531 613 579 partaque
639 519 834 561 bellando
860 517 995 573 gloria
1019 516 1153 558 dulcis
1179 524 1280 559 erat.

356 598 407 622 an
434 587 615 627 tantum,
642 577 742 618 dum
767 590 835 617 me
861 589 1051 629 capereS‚
1077 573 1166 614 fera
1191 574 1301 615 bella
1325 572 1551 628 probabas,

413 649 592 688 cumque
618 649 712 675 mea
737 632 872 687 patria
896 631 988 672 laus
1015 639 1088 671 tua
1112 630 1224 671 victa
1247 630 1379 672 iacet?

266 707 328 737 1⁴25
357 695 396 735 di
422 690 590 734 melius!
630 690 873 743 validoque,
929 702 1059 736 recor,
1085 687 1250 728 vibrata
1273 687 1429 728 lacerto

414 755 593 790 transcat
621 748 880 788 Hectoreum
899 704 1047 786 ¹i'elias
1072 744 1194 785 hasta
1219 743 1348 786 latus!

356 806 505 848 mittite
530 819 617 854 me,
643 803 803 844 Danai:
830 801 1047 843 dominum
1072 801 1212 855 legata
1237 800 1397 855 rogabo

413 862 627 915 multaque
652 859 860 901 mandatis
886 859 1030 900 oscula
1054 857 1186 899 mixta
1211 858 1357 900 feram.

357 920 450 975 plus
477 934 555 974 ego
582 932 708 972 quam
733 915 946 964 Phoenix,
973 915 1067 970 plus
1093 928 1219 968 quam
1244 913 1452 955 facundus
1478 912 1645 960 Ulixes,

268 990 331 1021 130
414 977 506 1031 plus
532 990 610 1029 ego
637 988 764 1028 quam
790 972 944 1014 Teucri
968 996 1025 1000 —
1049 970 1204 1013 credite
1229 995 1285 1001 --
1309 970 1439 1011 frater
1463 985 1600 1025 agam.

359 1042 420 1075 est
446 1031 623 1086 aliquid,
650 1031 804 1072 collum
831 1029 960 1069 solitis
987 1028 1175 1082 tetigisse
1200 1027 1381 1076 lacertis,

414 1088 730 1145 praesentisque
756 1086 899 1127 oeulos
925 1084 1193 1126 admonuisse
1219 1084 1297 1126 sui.

359 1147 414 1188 sis
439 1146 536 1187 licet
559 1144 730 1185 immitis
756 1142 985 1196 matrisque
1011 1141 1189 1183 ferocior
1213 1140 1357 1183 undis:

414 1210 461 1244 ut
486 1210 670 1250 taceam,
695 1199 877 1241 lacrimis
903 1197 1188 1240 comminuere
1213 1197 1330 1240 meis.

269 1272 332 1303 135
357 1274 470 1301 nunc
496 1272 663 1313 quoque
689 1281 745 1286 —-
769 1257 828 1297 sic
853 1270 998 1297 omnes
1023 1255 1179 1297 Peleus
1204 1262 1323 1311 pater
1348 1254 1520 1310 impleat
1545 1267 1694 1302 annos,

416 1316 475 1358 sic
501 1323 568 1356 eat
593 1313 789 1368 auspiciis
814 1312 1006 1367 Pyrrhus
1033 1311 1086 1352 ad
1113 1328 1229 1353 arma
1253 1311 1353 1353 tuisl
1385 1335 1443 1340 —

358 1372 519 1428 respice
545 1371 764 1413 sollicitam
789 1369 1002 1418 Briseida,
1028 1368 1146 1410 fortis
1172 1368 1354 1418 Achille,

415 1443 493 1471 nec
518 1428 714 1469 miseram
738 1427 851 1467 lenta
876 1426 1037 1467 ferreus
1061 1441 1137 1468 ure
1161 1440 1291 1467 mora.

359 1494 451 1535 aut,
477 1485 510 1526 si
535 1499 682 1526 versus
708 1497 824 1524 amor
849 1491 946 1524 tuus
973 1491 1035 1523 est
1059 1483 1102 1524 in
1128 1482 1266 1524 taedia
1290 1482 1434 1531 nostri,

270 1555 334 1586 140
417 1557 543 1596 quam
570 1540 658 1582 sine
684 1547 724 1581 te
751 1540 866 1595 cogis
891 1539 1052 1588 vivere,
1079 1554 1182 1595 coge
1208 1538 1326 1580 mori.

359 1606 490 1653 utque
516 1597 640 1645 facis,
667 1611 805 1651 coges.
867 1595 968 1637 abiit
995 1609 1231 1651 corpusque
1258 1595 1473 1648 colorque:

417 1655 594 1696 sustinet
619 1653 698 1694 hoc
723 1652 886 1694 animae
913 1667 1008 1707 spes
1034 1661 1174 1694 tamen
1199 1667 1284 1693 una
1308 1651 1382 1692 tui.

359 1726 444 1767 qua
468 1711 503 1752 si
528 1710 743 1759 destituor,
769 1718 956 1765 repetam
981 1708 1216 1763 fratresque
1242 1708 1485 1762 virumque:

415 1782 493 1809 nec
518 1767 593 1808 tibi
618 1766 891 1821 magnificum
916 1765 1073 1807 femina
1097 1766 1212 1807 iussa
1236 1765 1354 1806 mori.

271 1838 334 1868 145
362 1840 435 1867 cur
460 1832 599 1865 autem
625 1823 797 1864 iubeas?
833 1823 975 1864 stricto
1001 1831 1097 1878 pete
1123 1836 1299 1877 corpora
1324 1821 1455 1863 ferro:

418 1889 481 1923 est
505 1880 626 1928 mihi,
652 1879 725 1933 qui
749 1879 862 1920 fosso
887 1886 1056 1933 pectore
1082 1879 1254 1934 sanguis
1281 1886 1359 1919 eat.

360 1953 427 1979 me
452 1945 568 1992 petat
592 1937 661 1978 ille
685 1944 802 1985 tuus,
828 1937 919 1989 qui,
946 1935 981 1976 si
1006 1936 1085 1978 dea
1109 1950 1236 1991 passa
1259 1934 1428 1983 fuisset,

419 1994 528 2035 ensis
553 1993 596 2034 in
622 1992 798 2033 Atridae
824 2000 970 2047 pectus
994 1992 1128 2034 iturus
1155 2000 1255 2033 erat.

362 2051 402 2092 a!
429 2050 567 2106 potius
594 2064 734 2091 serves
759 2058 965 2098 nostram,
991 2057 1064 2091 tua
1088 2063 1281 2098 munera,
1307 2048 1452 2089 vitam.

273 2122 337 2152 150
422 2106 536 2161 quod
561 2106 737 2148 dederas
762 2106 872 2147 hosti
897 2105 1042 2156 vietor,
1070 2105 1204 2147 amica
1228 2119 1344 2160 rogo.

362 2164 536 2219 perdere
562 2178 667 2217 quos
692 2163 842 2204 melius
867 2163 1024 2218 possis,
1049 2162 1265 2217 Neptunia
1290 2161 1493 2216 praebent

418 2220 647 2275 Pergama:
675 2220 894 2261 materiam
920 2220 1060 2261 caedis
1086 2219 1139 2260 ab
1164 2219 1283 2260 hoste
1308 2227 1417 2273 pete.

362 2293 427 2319 me
454 2277 593 2326 modo,
619 2276 706 2318 sive
732 2292 855 2331 paras
880 2277 1095 2332 impellere
1120 2276 1278 2330 remige
1305 2276 1496 2323 classem,

419 2334 507 2375 sive
531 2348 696 2383 manes,
723 2334 881 2374 domini
905 2334 995 2375 iure
1020 2333 1162 2375 venire
1188 2333 1299 2374 iube.

1005 2435 1083 2478 IV.

364 2503 476 2555 Qua,
501 2504 581 2545 nisi
606 2512 652 2545 tu
678 2503 854 2552 dederis,
881 2504 1063 2545 caritura
1088 2510 1150 2545 est
1174 2504 1265 2558 ipsa
1291 2502 1439 2552 salute,
1544 2511 1705 2545 Phaedra

419 2559 545 2600 mittit
568 2560 806 2602 Amazonio
834 2559 988 2602 Cressa
1011 2560 1153 2615 puella
1178 2560 1281 2601 viro.
1526 2557 1725 2600 Hippolyto.

364 2617 532 2670 perlege
558 2617 853 2671 quodcumque
879 2625 953 2659 est.
1013 2617 1116 2670 quid
1141 2617 1316 2672 epistola
1339 2616 1449 2657 lecta
1471 2613 1664 2655 nocebit?

419 2680 460 2713 te
485 2686 654 2726 quoque
679 2673 721 2713 in
747 2673 826 2715 hae
852 2673 1009 2727 aliquid
1036 2673 1149 2727 quod
1174 2674 1289 2714 iuvet
1314 2686 1405 2714 esse
1430 2678 1580 2726 potest.

317 2743 337 2773 5
363 2728 426 2769 his
453 2743 604 2769 arcana
627 2729 736 2770 notis
762 2738 871 2771 terra
895 2731 1131 2785 pelagoque
1155 2730 1366 2778 feruntur,
