1831 3168
261 255 342 299 196
717 263 761 297 P.
790 261 934 298 ovlm
960 259 1178 297 NAsoxls

513 661 940 718 REMEDIA
1012 659 1380 715 AMORIS.

261 857 450 911 Legerat
473 855 598 897 huius
623 855 760 896 Amor
785 854 954 896 titulum
980 867 1218 907 nomenque
1243 853 1395 895 libelli:

320 914 450 955 ‘bella
474 912 596 962 mihi,
623 912 766 961 video,
790 911 902 953 bella
926 910 1148 966 parantur'
1174 911 1244 951 ait.

263 976 408 1027 ‘parce
434 978 554 1011 tuum
578 977 719 1011 vatem
744 968 912 1010 sceleris
939 968 1158 1016 damnare,
1186 965 1369 1023 Cupido,

319 1027 472 1069 tradita
497 1026 569 1080 qui
595 1025 747 1068 totiens
771 1034 813 1067 te
838 1025 945 1068 duce
971 1025 1093 1080 signa
1117 1024 1207 1066 tuli.

216 1099 235 1130 5
261 1100 346 1127 non
371 1098 450 1138 ego
475 1083 682 1138 Tydides,
710 1098 736 1124 a
760 1096 843 1137 quo
869 1090 943 1124 tua
967 1082 1111 1124 saucia
1135 1088 1268 1123 mater

318 1141 362 1183 in
385 1140 594 1194 liquidum
619 1139 743 1182 rediit
767 1139 938 1182 aethera
961 1138 1115 1180 Martis
1141 1139 1273 1193 equis,

263 1213 389 1253 saepe
413 1204 556 1253 tepent
582 1196 652 1238 alii
676 1196 870 1245 iuvenes,
896 1210 976 1251 ego
1002 1210 1167 1250 semper
1192 1195 1350 1237 amavi:

320 1263 362 1297 et
387 1255 441 1303 si,
468 1253 571 1308 quid
595 1253 750 1295 faciam
774 1267 887 1295 nunc
912 1267 1102 1306 quoque,
1128 1252 1313 1306 quaeris:
1341 1266 1451 1293 amo.

262 1312 364 1367 quin
389 1311 517 1354 etiam
542 1310 686 1360 docui,
712 1324 797 1363 qua
821 1310 956 1365 possis
982 1317 1070 1351 arte
1094 1309 1248 1364 parari,

196 1382 238 1414 10
321 1376 362 1411 et
386 1367 502 1422 quod
524 1381 639 1408 nunc
663 1367 769 1408 ratio
795 1374 877 1415 est,
903 1366 1086 1421 impetus
1111 1373 1208 1407 ante
1234 1365 1326 1406 fuit.

264 1440 343 1468 nec
369 1433 429 1474 te,
455 1424 610 1465 blande
635 1438 753 1478 puer,
779 1437 857 1465 nec
882 1431 1044 1464 nostras
1068 1422 1285 1476 prodimus
1311 1429 1435 1471 artes,

319 1496 397 1524 nec
421 1495 532 1522 nova
555 1479 829 1535 praeteritum
853 1479 984 1520 Musa
1007 1478 1158 1520 retexit
1183 1493 1302 1533 opus.

264 1539 394 1593 siquis
419 1545 533 1579 amat
557 1537 673 1591 quod
698 1551 840 1578 amare
864 1536 1001 1584 iuvat,
1027 1534 1205 1577 feliciter
1229 1534 1366 1577 ardet:

320 1595 508 1651 gaudeat
532 1602 574 1636 et
598 1600 724 1636 vento
749 1593 922 1648 naviget
948 1592 1016 1634 ille
1042 1606 1132 1633 suo.

198 1666 238 1697 15
265 1659 307 1694 at
331 1651 462 1706 siquis
509 1651 619 1692 male
644 1650 726 1692 fert
749 1649 949 1705 indignae
973 1663 1106 1703 regna
1129 1648 1309 1704 puellae,

320 1724 374 1751 ne
398 1715 562 1763 pereat,
588 1715 758 1749 nostrae
784 1706 935 1749 sentiat
961 1706 1060 1747 artis
1086 1720 1223 1761 opem.

264 1781 339 1808 cur
363 1766 515 1819 aliquis
539 1765 691 1819 laqueo
717 1764 873 1806 collum
896 1763 1078 1805 nodatus
1103 1769 1266 1804 amator

321 1838 346 1864 a
370 1823 488 1864 trabe
515 1821 686 1864 sublimi
710 1820 828 1862 triste
853 1819 1055 1876 pependit
1079 1819 1211 1861 onus?

265 1894 340 1921 cur
365 1879 516 1932 aliquis
542 1879 678 1933 rigido
703 1877 837 1918 fodiat
861 1892 938 1919 sua
961 1883 1134 1932 pectora
1158 1875 1295 1917 ferro?

199 1950 241 1981 20
324 1936 527 1977 invidiam
553 1935 713 1983 caedis,
738 1934 856 1988 pacis
881 1940 1056 1982 amator,
1081 1932 1226 1974 habes.

264 1993 357 2047 qui,
384 1992 465 2034 nisi
490 1991 678 2039 desierit,
703 1991 857 2032 misero
882 1989 1093 2045 periturus
1119 2003 1261 2030 amore
1286 1995 1362 2038 est,

323 2049 504 2091 desinat:
532 2055 573 2090 et
597 2047 703 2089 nulli
728 2046 889 2088 funeris
914 2053 1061 2088 auctor
1085 2045 1180 2086 eris.

266 2112 306 2149 et
330 2120 435 2161 puer
460 2120 524 2154 es,
556 2119 634 2146 nce
660 2112 700 2146 te
725 2103 954 2158 quicquam
978 2102 1058 2143 nisi
1081 2102 1227 2144 ludere
1253 2107 1430 2157 oportet.

323 2161 442 2205 lude!
480 2162 630 2203 decent
655 2175 787 2203 annos
811 2160 953 2201 mollia
977 2174 1110 2214 regna
1133 2166 1242 2200 tuos.

199 2232 239 2263 25
266 2235 365 2262 nam
389 2226 557 2274 poteras
581 2218 642 2259 uti
667 2217 791 2259 nudis
817 2217 871 2258 ad
895 2216 1006 2258 bella
1031 2215 1213 2270 sagittis:

323 2276 399 2319 sed
422 2283 495 2318 tua
519 2274 734 2316 mortifero
759 2272 965 2328 sanguine
991 2272 1075 2314 tela
1099 2279 1255 2314 carent.

266 2333 439 2375 vitricus
465 2340 506 2375 ct
533 2331 687 2387 gladiis
712 2339 754 2373 et
778 2338 903 2372 acuta
927 2329 1096 2371 dimicet
1119 2328 1241 2370 hasta

323 2397 364 2432 et
388 2389 523 2432 victor
547 2389 680 2430 multa
705 2387 834 2430 caede
859 2394 1056 2428 cruentus
1082 2393 1169 2428 eat:

267 2456 313 2488 tu
338 2447 429 2489 cole
454 2454 686 2495 maternaS,
713 2452 805 2486 tuto
830 2443 984 2498 quibus
1008 2443 1179 2491 utimur,
1205 2449 1329 2491 artes,

200 2517 242 2548 30
325 2512 365 2545 et
390 2517 570 2558 quarum
595 2502 698 2544 vitio
722 2501 840 2543 nulla
863 2501 910 2542 fit
935 2500 1038 2541 orba
1062 2514 1227 2554 parens.

268 2559 390 2602 effice
414 2568 620 2602 nocturna
643 2558 865 2613 frangatur
887 2557 1016 2598 ianua
1040 2557 1145 2604 rixa,

326 2626 367 2659 et
391 2625 507 2672 tegat
532 2624 700 2658 ornatas
725 2615 858 2656 multa
882 2628 1037 2656 corona
1061 2613 1191 2654 fores:

268 2673 336 2715 fac
362 2681 510 2715 coeant
534 2673 679 2714 furtim
704 2672 878 2713 iuvenes
903 2670 1159 2724 timidaeque
1184 2669 1364 2724 puellae,

326 2731 539 2784 verbaque
565 2730 665 2771 dent
689 2736 813 2771 cauto
839 2727 1027 2781 qualibet
1051 2734 1139 2768 arte
1164 2727 1273 2767 viro:

201 2800 243 2830 35
270 2796 311 2828 ct
335 2787 459 2828 modo
488 2786 729 2836 blanditias,
756 2784 892 2839 rigido
919 2783 1043 2825 modo
1068 2783 1206 2838 iurgia
1230 2781 1340 2837 posti
