1831 3168
499 224 771 261 HEROIDUM
795 225 899 259 XIX.
928 225 1116 260 112—199.
1413 217 1465 258 77

158 320 241 346 non
268 304 345 346 e1it
370 304 524 347 idcirco
550 322 627 361 par
652 314 724 348 tua
750 322 878 348 causa
903 322 1034 348 111010

102 359 204 403 11100
229 361 330 402 mihi
356 377 400 403 se
425 363 604 418 pepisrit,
630 371 749 418 pater
773 363 881 404 hanc
907 363 994 412 tibi,
1021 363 1180 418 primus
1207 362 1260 404 ab
1285 363 1374 412 illa3

157 418 229 459 sed
255 418 425 482 propior
449 428 579 468 certe,
605 435 732 473 quam
757 427 888 474 pater,
913 420 1004 484 ipsa
1030 420 1108 460 sibi
1134 428 1208 461 est.

99 474 290 529 promisit
315 482 434 530 pater
458 475 586 517 hanc:
613 476 716 518 hacc
742 486 782 517 et
809 477 962 517 iuravit
988 476 1163 517 amanti:

156 531 224 572 ille
251 530 459 581 homines,
486 532 589 574 haec
615 541 677 574 est
703 533 923 574 testificata
949 532 1083 574 deam.
1493 547 1558 578 160

99 585 166 628 hic
192 588 338 629 metuit
363 589 565 638 mendax,
592 590 709 630 timet
733 590 837 630 haec
862 589 1030 643 periura
1054 589 1213 630 vocari:

157 658 257 685 num
283 644 468 694 dubites,
494 645 561 686 hic
587 646 638 686 sit
663 646 795 686 maior
820 660 873 685 an
897 645 966 686 ille
992 646 1154 686 metus?

99 699 298 754 denique,
324 708 370 742 ut
395 701 615 742 amborum
640 702 829 742 conferre
853 701 1040 755 pericula
1064 702 1212 755 possis,

154 758 314 812 respice
340 757 393 798 ad
418 765 610 798 eventus:
637 757 741 798 haec
767 756 913 805 cubat,
939 757 1007 798 ille
1033 758 1156 798 valet.

99 827 174 854 nos
201 827 368 867 quoque
394 813 583 854 dissimili
609 813 838 855 certamina
862 820 1000 853 mente
1027 813 1230 862 subimus,
1493 830 1556 860 165

152 884 230 911 nec
255 884 351 925 spes
376 884 453 924 par
477 870 597 910 nobis
622 884 700 911 nec
724 869 848 910 timor
873 883 1032 923 aequus
1059 869 1190 911 adest.

96 933 140 966 tu
166 926 273 981 petis
299 941 350 968 ex
375 934 485 968 tuto:
511 927 680 982 gravior
704 926 806 967 mihi
831 934 963 967 morte
989 926 1157 980 repulsa
1182 933 1257 975 est,

153 983 279 1036 idque
306 997 385 1038 ego
409 983 512 1032 iam,
539 984 652 1037 quod
677 990 722 1024 tu
747 983 890 1024 forsan
916 982 1098 1032 amabis,
1124 996 1231 1023 amo.

96 1039 129 1079 si
155 1039 230 1080 tibi
255 1040 456 1089 iustitiae,
483 1040 517 1081 si
542 1040 644 1082 recti
670 1055 770 1082 cura
795 1039 957 1088 fuisset,

153 1096 301 1138 cedere
327 1096 532 1138 debueras
556 1097 761 1152 ignibus
751 1112 840 1152 ipse
866 1096 982 1138 meis.
1492 1111 1555 1142 1ῖο

94 1167 206 1194 nunc
231 1154 429 1207 quoniam
454 1154 569 1195 ferus
572 1132 660 1195 t>hic
685 1168 760 1209 pro
787 1168 914 1194 causa
938 1160 1101 1208 pugnat
1125 1152 1283 1206 iniqua,

152 1210 205 1250 ad
231 1210 351 1262 quid,
380 1208 594 1265 Cydippe,
620 1211 757 1252 litteia
780 1217 923 1251 nostra
947 1209 1080 1251 redit?

93 1265 161 1307 hic
186 1266 305 1315 facit,
331 1274 378 1308 ut
400 1266 539 1308 iaceas
565 1275 605 1308 et
630 1267 686 1308 sis
713 1275 907 1322 suspecta
931 1266 1059 1307 Dian
1061 1281 1117 1307 te:

149 1322 262 1364 hunc
287 1333 352 1372 tu,
378 1323 413 1364 si
438 1323 596 1379 sapiaS,
621 1324 750 1365 limen
775 1323 889 1365 adire
914 1331 1043 1364 vetes.

93 1379 172 1420 hoc
196 1379 377 1422 faciente
402 1380 517 1422 subis
542 1388 629 1421 tam
654 1396 781 1422 saeva
804 1381 992 1435 pericula
1016 1379 1147 1421 vitae:
1491 1394 1553 1424 175

150 1439 276 1490 atque
301 1437 462 1478 utinam
486 1451 562 1493 pro
588 1445 648 1487 te,
675 1438 747 1491 qui
772 1444 914 1478 movet
937 1437 1026 1485 illa,
1054 1436 1195 1478 cadat!

93 1507 217 1547 quem
242 1494 277 1534 si
301 1494 533 1549 reppuleris
558 1509 656 1544 nec,
682 1509 810 1548 quem
835 1494 915 1535 dea
940 1494 1129 1543 damnat,
1156 1493 1323 1542 amaris,

150 1559 189 1591 et
214 1558 260 1591 tu
286 1551 505 1600 eontinu0,
532 1559 643 1592 certe
670 1566 749 1605 ego
774 1551 917 1591 salvus
943 1565 1026 1591 ero.

93 1605 190 1647 siste
216 1614 396 1656 metum,
421 1608 562 1662 virgo:
589 1608 728 1648 stabili
752 1607 911 1662 potiere
938 1607 1084 1653 salute,

148 1662 216 1704 fac
240 1663 366 1704 modo
392 1664 565 1718 polliciti
590 1664 757 1705 conscia
782 1664 938 1718 templa
963 1664 1088 1705 colas.
1488 1676 1553 1707 180

92 1733 175 1760 non
200 1719 308 1762 bove
333 1728 515 1762 mactato
542 1721 736 1762 caelestia
760 1721 933 1762 numina
958 1720 1157 1775 gaudent,

150 1776 242 1826 sed,
270 1791 378 1831 quae
403 1777 657 1832 praestanda
683 1784 744 1819 est
770 1785 809 1818 et
836 1777 924 1818 sine
950 1786 1074 1824 teste,
1100 1777 1196 1817 fide.

91 1841 137 1874 ut
162 1833 348 1882 valeant,
374 1833 480 1875 aliae
505 1834 664 1875 ferrum
689 1834 907 1889 patiuntur
932 1842 972 1875 et
997 1834 1136 1888 ignes:

147 1889 229 1931 fert
255 1890 345 1932 aliis
371 1891 532 1932 tristem
557 1905 682 1932 sucus
707 1905 875 1932 amarus
901 1904 1037 1945 opem.

91 1946 149 1987 nil
175 1961 280 2002 opus
308 1954 370 1988 est
394 1947 504 1988 istis:
531 1955 694 1988 tantum
719 1947 903 2002 periuria
928 1946 1015 1987 vita
1487 1959 1553 1990 185

148 2011 272 2056 teque
298 2003 421 2045 simul
447 2019 568 2045 serva
592 2018 744 2057 meque
770 2004 996 2057 datamque
1021 2002 1162 2044 fidem.

90 2060 339 2115 praeteritae
363 2060 529 2102 veniam
555 2061 672 2102 dabit
695 2060 934 2116 ignorantia
959 2060 1127 2115 culpae:

148 2117 389 2159 exciderant
414 2117 554 2158 animo
579 2117 751 2159 foedera
775 2118 883 2158 lecta
907 2124 994 2158 tuo.

91 2173 305 2215 admonita
330 2189 374 2216 es
398 2174 524 2215 modo
550 2188 654 2215 voce
678 2189 793 2222 mea,
819 2174 945 2214 modo
971 2173 1137 2214 casibus
1163 2172 1267 2221 istis,

149 2243 273 2283 quos,
299 2231 492 2284 quotiens
517 2238 698 2295 temptas
723 2206 889 2278 fallere,
915 2230 1024 2271 ferie
1050 2229 1171 2270 soles.
1488 2241 1553 2272 190

90 2285 154 2327 his
178 2300 346 2340 quoque
371 2287 512 2328 vitatis
537 2287 580 2328 in
604 2295 728 2342 partu
753 2301 906 2341 nempe
931 2286 1115 2340 rogabis,

146 2350 194 2383 ut
218 2343 294 2383 tibi
318 2343 515 2384 luciferas
542 2343 705 2385 adierat
729 2343 800 2384 illa
826 2358 994 2383 manus.
985 2344 1002 2366 ‘²

48 2404 51 2407 ’
91 2399 233 2440 audiet
256 2398 373 2440 haec.
432 2408 625 2454 repetens
650 2414 758 2452 quae
783 2399 865 2440 sint
891 2399 1054 2449 audita,
1080 2397 1265 2452 requiret

147 2455 259 2509 ipsa,
284 2455 361 2496 tibi
387 2455 438 2496 de
464 2469 548 2509 quo
574 2456 753 2510 coniuge
777 2463 922 2510 partus
949 2463 1028 2496 eat.

89 2511 308 2567 promittes
334 2520 497 2552 votum:
525 2512 602 2553 scit
626 2520 667 2553 te
691 2512 933 2566 promittere
958 2512 1079 2553 falso.
1486 2524 1551 2554 195

146 2568 324 2610 iurabis:
351 2569 429 2609 scit
452 2576 492 2609 te
517 2568 661 2610 fallere
686 2583 809 2623 posse
835 2569 948 2610 deos.

89 2638 174 2665 non
200 2625 340 2679 agitur
364 2625 415 2666 de
441 2639 521 2666 me.
582 2639 682 2666 cura
706 2625 877 2666 meliore
902 2625 1061 2666 laboro.

147 2682 273 2723 anxia
298 2689 393 2723 sunt
418 2682 504 2724 vita
528 2690 698 2736 pectora
721 2689 865 2723 nostra
890 2689 975 2723 tua.

91 2751 166 2779 eur
188 2738 314 2780 modo
340 2746 379 2780 te
406 2738 577 2780 dubiam
603 2739 747 2794 pavidi
772 2739 924 2781 flevere
949 2745 1158 2795 parentes,
