<?xml version="1.0" encoding="UTF-8"?>
<!DOCTYPE html PUBLIC "-//W3C//DTD XHTML 1.0 Transitional//EN"
    "http://www.w3.org/TR/xhtml1/DTD/xhtml1-transitional.dtd">
<html xmlns="http://www.w3.org/1999/xhtml" xml:lang="en" lang="en">
 <head>
  <title>
</title>
<meta http-equiv="Content-Type" content="text/html;charset=utf-8" />
  <meta name='ocr-system' content='tesseract 3.04.00' />
  <meta name='ocr-capabilities' content='ocr_page ocr_carea ocr_par ocr_line ocrx_word'/>
</head>
<body>
  <div class='ocr_page' id='page_1' title='image "./carminao01oviduoft_0105.png"; bbox 0 0 1831 3168; ppageno 0'>
   <div class='ocr_carea' id='block_1_1' title="bbox 372 241 1124 286">
    <p class='ocr_par' dir='ltr' id='par_1_1' title="bbox 372 241 1124 286">
     <span class='ocr_line' id='line_1_1' title="bbox 372 241 1124 286; baseline 0.003 -11"><span class='ocrx_word' id='word_1_1' title='bbox 372 241 594 278; x_wconf 80' lang='lat' dir='ltr'>AMoRUM</span> <span class='ocrx_word' id='word_1_2' title='bbox 619 242 713 276; x_wconf 87' lang='lat' dir='ltr'>LIB.</span> <span class='ocrx_word' id='word_1_3' title='bbox 741 243 768 276; x_wconf 92' lang='grc' dir='ltr'>Ι.</span> <span class='ocrx_word' id='word_1_4' title='bbox 796 243 861 285; x_wconf 86' lang='lat' dir='ltr'>IV,</span> <span class='ocrx_word' id='word_1_5' title='bbox 886 243 1044 286; x_wconf 81' lang='lat' dir='ltr'>43-V1‚</span> <span class='ocrx_word' id='word_1_6' title='bbox 1069 242 1124 277; x_wconf 90' lang='grc'>30.</span> 
     </span>
    </p>
   </div>
   <div class='ocr_carea' id='block_1_2' title="bbox 62 321 1364 378">
    <p class='ocr_par' dir='ltr' id='par_1_2' title="bbox 62 321 1364 378">
     <span class='ocr_line' id='line_1_2' title="bbox 62 321 1364 378; baseline 0.002 -16"><span class='ocrx_word' id='word_1_7' title='bbox 62 336 171 376; x_wconf 87' lang='lat' dir='ltr'>quac</span> <span class='ocrx_word' id='word_1_8' title='bbox 198 335 293 363; x_wconf 87' lang='lat' dir='ltr'>cum</span> <span class='ocrx_word' id='word_1_9' title='bbox 318 321 375 362; x_wconf 90' lang='lat' dir='ltr'>ita</span> <span class='ocrx_word' id='word_1_10' title='bbox 400 331 627 377; x_wconf 74' lang='lat' dir='ltr'>pugnaret,</span> <span class='ocrx_word' id='word_1_11' title='bbox 654 331 868 378; x_wconf 83' lang='lat' dir='ltr'>tamquam</span> <span class='ocrx_word' id='word_1_12' title='bbox 893 338 1002 377; x_wconf 88' lang='lat' dir='ltr'>quae</span> <span class='ocrx_word' id='word_1_13' title='bbox 1028 323 1194 366; x_wconf 85' lang='lat' dir='ltr'>vincere</span> <span class='ocrx_word' id='word_1_14' title='bbox 1221 323 1364 373; x_wconf 89' lang='lat' dir='ltr'>nollet,</span> 
     </span>
    </p>
   </div>
   <div class='ocr_carea' id='block_1_3' title="bbox 59 378 1258 994">
    <p class='ocr_par' dir='ltr' id='par_1_3' title="bbox 120 378 952 435">
     <span class='ocr_line' id='line_1_3' title="bbox 120 378 952 435; baseline 0.002 -17"><span class='ocrx_word' id='word_1_15' title='bbox 120 378 231 419; x_wconf 88' lang='lat' dir='ltr'>victa</span> <span class='ocrx_word' id='word_1_16' title='bbox 256 385 318 419; x_wconf 84' lang='lat' dir='ltr'>est</span> <span class='ocrx_word' id='word_1_17' title='bbox 342 393 426 419; x_wconf 90' lang='lat' dir='ltr'>non</span> <span class='ocrx_word' id='word_1_18' title='bbox 452 394 577 435; x_wconf 75' lang='lat' dir='ltr'>aegre</span> <span class='ocrx_word' id='word_1_19' title='bbox 603 381 836 435; x_wconf 85' lang='lat' dir='ltr'>proditione</span> <span class='ocrx_word' id='word_1_20' title='bbox 862 395 952 421; x_wconf 86' lang='lat' dir='ltr'>sua.</span> 
     </span>
    </p>

    <p class='ocr_par' dir='ltr' id='par_1_4' title="bbox 63 434 1132 546">
     <span class='ocr_line' id='line_1_4' title="bbox 63 434 1132 491; baseline 0.004 -17"><span class='ocrx_word' id='word_1_21' title='bbox 63 441 109 475; x_wconf 91' lang='lat' dir='ltr'>ut</span> <span class='ocrx_word' id='word_1_22' title='bbox 133 434 246 475; x_wconf 86' lang='lat' dir='ltr'>stetit</span> <span class='ocrx_word' id='word_1_23' title='bbox 272 442 366 476; x_wconf 84' lang='lat' dir='ltr'>ante</span> <span class='ocrx_word' id='word_1_24' title='bbox 393 436 534 476; x_wconf 89' lang='lat' dir='ltr'>oculos</span> <span class='ocrx_word' id='word_1_25' title='bbox 561 437 696 491; x_wconf 86' lang='lat' dir='ltr'>posito</span> <span class='ocrx_word' id='word_1_26' title='bbox 722 436 929 477; x_wconf 84' lang='lat' dir='ltr'>velamine</span> <span class='ocrx_word' id='word_1_27' title='bbox 954 444 1132 486; x_wconf 88' lang='lat' dir='ltr'>nostros,</span> 
     </span>
     <span class='ocr_line' id='line_1_5' title="bbox 118 490 998 546; baseline 0.002 -16"><span class='ocrx_word' id='word_1_28' title='bbox 118 490 162 530; x_wconf 90' lang='lat' dir='ltr'>in</span> <span class='ocrx_word' id='word_1_29' title='bbox 186 497 273 531; x_wconf 87' lang='lat' dir='ltr'>toto</span> <span class='ocrx_word' id='word_1_30' title='bbox 298 505 506 544; x_wconf 81' lang='lat' dir='ltr'>nusquam</span> <span class='ocrx_word' id='word_1_31' title='bbox 533 507 704 546; x_wconf 85' lang='lat' dir='ltr'>corpore</span> <span class='ocrx_word' id='word_1_32' title='bbox 730 493 882 533; x_wconf 86' lang='lat' dir='ltr'>menda</span> <span class='ocrx_word' id='word_1_33' title='bbox 906 493 998 534; x_wconf 88' lang='lat' dir='ltr'>fuit.</span> 
     </span>
    </p>

    <p class='ocr_par' dir='ltr' id='par_1_5' title="bbox 61 548 1110 659">
     <span class='ocr_line' id='line_1_6' title="bbox 61 548 1110 603; baseline 0.004 -18"><span class='ocrx_word' id='word_1_34' title='bbox 61 560 166 600; x_wconf 88' lang='lat' dir='ltr'>quos</span> <span class='ocrx_word' id='word_1_35' title='bbox 193 561 379 595; x_wconf 86' lang='lat' dir='ltr'>umeros,</span> <span class='ocrx_word' id='word_1_36' title='bbox 404 549 549 600; x_wconf 87' lang='lat' dir='ltr'>quales</span> <span class='ocrx_word' id='word_1_37' title='bbox 575 549 661 589; x_wconf 86' lang='lat' dir='ltr'>vidi</span> <span class='ocrx_word' id='word_1_38' title='bbox 687 549 888 603; x_wconf 76' lang='lat' dir='ltr'>tetigique</span> <span class='ocrx_word' id='word_1_39' title='bbox 914 548 1110 590; x_wconf 73' lang='lat' dir='ltr'>lacertos!</span> 
     </span>
     <span class='ocr_line' id='line_1_7' title="bbox 117 602 1082 659; baseline 0.002 -17"><span class='ocrx_word' id='word_1_40' title='bbox 117 602 253 643; x_wconf 85' lang='lat' dir='ltr'>forma</span> <span class='ocrx_word' id='word_1_41' title='bbox 278 604 527 658; x_wconf 79' lang='lat' dir='ltr'>papillarum</span> <span class='ocrx_word' id='word_1_42' title='bbox 552 619 680 658; x_wconf 90' lang='lat' dir='ltr'>quam</span> <span class='ocrx_word' id='word_1_43' title='bbox 705 604 783 645; x_wconf 86' lang='lat' dir='ltr'>fuit</span> <span class='ocrx_word' id='word_1_44' title='bbox 809 612 907 659; x_wconf 85' lang='lat' dir='ltr'>apta</span> <span class='ocrx_word' id='word_1_45' title='bbox 931 605 1082 658; x_wconf 82' lang='lat' dir='ltr'>premi!</span> 
     </span>
    </p>

    <p class='ocr_par' dir='ltr' id='par_1_6' title="bbox 60 660 1258 768">
     <span class='ocr_line' id='line_1_8' title="bbox 60 660 1081 714; baseline 0.003 -16"><span class='ocrx_word' id='word_1_46' title='bbox 60 672 188 712; x_wconf 89' lang='lat' dir='ltr'>quam</span> <span class='ocrx_word' id='word_1_47' title='bbox 214 660 417 714; x_wconf 88' lang='lat' dir='ltr'>castigato</span> <span class='ocrx_word' id='word_1_48' title='bbox 442 660 592 714; x_wconf 86' lang='lat' dir='ltr'>planus</span> <span class='ocrx_word' id='word_1_49' title='bbox 618 660 696 701; x_wconf 85' lang='lat' dir='ltr'>sub</span> <span class='ocrx_word' id='word_1_50' title='bbox 721 667 889 714; x_wconf 79' lang='lat' dir='ltr'>pectore</span> <span class='ocrx_word' id='word_1_51' title='bbox 915 660 1081 702; x_wconf 81' lang='lat' dir='ltr'>venter!</span> 
     </span>
     <span class='ocr_line' id='line_1_9' title="bbox 117 715 1258 768; baseline 0.004 -14"><span class='ocrx_word' id='word_1_52' title='bbox 117 722 321 767; x_wconf 88' lang='lat' dir='ltr'>quantum</span> <span class='ocrx_word' id='word_1_53' title='bbox 348 723 388 757; x_wconf 83' lang='lat' dir='ltr'>ct</span> <span class='ocrx_word' id='word_1_54' title='bbox 413 716 536 768; x_wconf 88' lang='lat' dir='ltr'>quale</span> <span class='ocrx_word' id='word_1_55' title='bbox 561 716 689 756; x_wconf 77' lang='lat' dir='ltr'>latus!</span> <span class='ocrx_word' id='word_1_56' title='bbox 728 730 855 768; x_wconf 86' lang='lat' dir='ltr'>quam</span> <span class='ocrx_word' id='word_1_57' title='bbox 880 715 1074 756; x_wconf 89' lang='lat' dir='ltr'>iuvenale</span> <span class='ocrx_word' id='word_1_58' title='bbox 1100 715 1258 758; x_wconf 74' lang='lat' dir='ltr'>femur!</span> 
     </span>
    </p>

    <p class='ocr_par' dir='ltr' id='par_1_7' title="bbox 60 770 1146 881">
     <span class='ocr_line' id='line_1_10' title="bbox 60 770 1146 825; baseline 0.001 -15"><span class='ocrx_word' id='word_1_59' title='bbox 60 770 227 825; x_wconf 82' lang='lat' dir='ltr'>singula</span> <span class='ocrx_word' id='word_1_60' title='bbox 252 771 353 824; x_wconf 89' lang='lat' dir='ltr'>quid</span> <span class='ocrx_word' id='word_1_61' title='bbox 378 772 581 812; x_wconf 84' lang='lat' dir='ltr'>referam?</span> <span class='ocrx_word' id='word_1_62' title='bbox 618 772 676 811; x_wconf 89' lang='lat' dir='ltr'>nil</span> <span class='ocrx_word' id='word_1_63' title='bbox 701 785 785 811; x_wconf 90' lang='lat' dir='ltr'>non</span> <span class='ocrx_word' id='word_1_64' title='bbox 809 771 1021 812; x_wconf 80' lang='lat' dir='ltr'>laudabile</span> <span class='ocrx_word' id='word_1_65' title='bbox 1048 772 1146 819; x_wconf 89' lang='lat' dir='ltr'>vidi,</span> 
     </span>
     <span class='ocr_line' id='line_1_11' title="bbox 117 827 1091 881; baseline 0 -14"><span class='ocrx_word' id='word_1_66' title='bbox 117 835 156 867; x_wconf 91' lang='lat' dir='ltr'>et</span> <span class='ocrx_word' id='word_1_67' title='bbox 181 827 339 867; x_wconf 87' lang='lat' dir='ltr'>nudam</span> <span class='ocrx_word' id='word_1_68' title='bbox 363 827 496 881; x_wconf 88' lang='lat' dir='ltr'>pressi</span> <span class='ocrx_word' id='word_1_69' title='bbox 522 841 673 881; x_wconf 81' lang='lat' dir='ltr'>corpus</span> <span class='ocrx_word' id='word_1_70' title='bbox 698 827 752 867; x_wconf 90' lang='lat' dir='ltr'>ad</span> <span class='ocrx_word' id='word_1_71' title='bbox 776 840 910 880; x_wconf 86' lang='lat' dir='ltr'>usque</span> <span class='ocrx_word' id='word_1_72' title='bbox 935 842 1091 868; x_wconf 89' lang='lat' dir='ltr'>meum.</span> 
     </span>
    </p>

    <p class='ocr_par' dir='ltr' id='par_1_8' title="bbox 59 883 1128 994">
     <span class='ocr_line' id='line_1_12' title="bbox 59 883 1128 937; baseline 0.002 -14"><span class='ocrx_word' id='word_1_73' title='bbox 59 890 223 924; x_wconf 86' lang='lat' dir='ltr'>caetera</span> <span class='ocrx_word' id='word_1_74' title='bbox 247 883 339 936; x_wconf 85' lang='lat' dir='ltr'>quis</span> <span class='ocrx_word' id='word_1_75' title='bbox 364 883 522 924; x_wconf 85' lang='lat' dir='ltr'>nescit?</span> <span class='ocrx_word' id='word_1_76' title='bbox 557 883 656 924; x_wconf 87' lang='lat' dir='ltr'>lassi</span> <span class='ocrx_word' id='word_1_77' title='bbox 680 883 964 937; x_wconf 84' lang='lat' dir='ltr'>requievimus</span> <span class='ocrx_word' id='word_1_78' title='bbox 990 883 1128 925; x_wconf 88' lang='lat' dir='ltr'>ambo.</span> 
     </span>
     <span class='ocr_line' id='line_1_13' title="bbox 113 938 1012 994; baseline 0.001 -15"><span class='ocrx_word' id='word_1_79' title='bbox 113 939 362 993; x_wconf 88' lang='lat' dir='ltr'>proveniant</span> <span class='ocrx_word' id='word_1_80' title='bbox 386 939 513 981; x_wconf 89' lang='lat' dir='ltr'>medii</span> <span class='ocrx_word' id='word_1_81' title='bbox 539 939 598 981; x_wconf 88' lang='lat' dir='ltr'>sic</span> <span class='ocrx_word' id='word_1_82' title='bbox 622 939 724 980; x_wconf 91' lang='lat' dir='ltr'>mihi</span> <span class='ocrx_word' id='word_1_83' title='bbox 749 954 874 994; x_wconf 83' lang='lat' dir='ltr'>saepe</span> <span class='ocrx_word' id='word_1_84' title='bbox 905 938 1012 981; x_wconf 71' lang='lat' dir='ltr'>dies!</span> 
     </span>
    </p>
   </div>
   <div class='ocr_carea' id='block_1_4' title="bbox 702 1040 780 1083">
    <p class='ocr_par' dir='ltr' id='par_1_9' title="bbox 702 1040 780 1083">
     <span class='ocr_line' id='line_1_14' title="bbox 702 1040 780 1083; baseline -0.026 0"><span class='ocrx_word' id='word_1_85' title='bbox 702 1040 780 1083; x_wconf 91' lang='lat' dir='ltr'>V1.</span> 
     </span>
    </p>
   </div>
   <div class='ocr_carea' id='block_1_5' title="bbox 49 1106 1292 2800">
    <p class='ocr_par' dir='ltr' id='par_1_10' title="bbox 55 1106 1015 1220">
     <span class='ocr_line' id='line_1_15' title="bbox 55 1106 1015 1163; baseline 0.002 -16"><span class='ocrx_word' id='word_1_86' title='bbox 55 1106 228 1157; x_wconf 84' lang='lat' dir='ltr'>Ianitor,</span> <span class='ocrx_word' id='word_1_87' title='bbox 254 1108 495 1163; x_wconf 87' lang='lat' dir='ltr'>indignum,</span> <span class='ocrx_word' id='word_1_88' title='bbox 523 1109 629 1149; x_wconf 84' lang='lat' dir='ltr'>dura</span> <span class='ocrx_word' id='word_1_89' title='bbox 653 1109 828 1163; x_wconf 84' lang='lat' dir='ltr'>religate</span> <span class='ocrx_word' id='word_1_90' title='bbox 855 1114 1015 1158; x_wconf 85' lang='lat' dir='ltr'>catena,</span> 
     </span>
     <span class='ocr_line' id='line_1_16' title="bbox 113 1163 997 1220; baseline 0.001 -16"><span class='ocrx_word' id='word_1_91' title='bbox 113 1163 328 1205; x_wconf 89' lang='lat' dir='ltr'>difficilem</span> <span class='ocrx_word' id='word_1_92' title='bbox 353 1172 466 1206; x_wconf 90' lang='lat' dir='ltr'>moto</span> <span class='ocrx_word' id='word_1_93' title='bbox 493 1165 661 1206; x_wconf 86' lang='lat' dir='ltr'>cardine</span> <span class='ocrx_word' id='word_1_94' title='bbox 686 1165 824 1220; x_wconf 89' lang='lat' dir='ltr'>pande</span> <span class='ocrx_word' id='word_1_95' title='bbox 850 1165 997 1206; x_wconf 82' lang='lat' dir='ltr'>forem.</span> 
     </span>
    </p>

    <p class='ocr_par' dir='ltr' id='par_1_11' title="bbox 55 1219 1255 1332">
     <span class='ocr_line' id='line_1_17' title="bbox 55 1219 1255 1277; baseline 0.003 -17"><span class='ocrx_word' id='word_1_96' title='bbox 55 1219 169 1274; x_wconf 91' lang='lat' dir='ltr'>quod</span> <span class='ocrx_word' id='word_1_97' title='bbox 193 1234 354 1274; x_wconf 83' lang='lat' dir='ltr'>precor,</span> <span class='ocrx_word' id='word_1_98' title='bbox 380 1221 582 1276; x_wconf 88' lang='lat' dir='ltr'>exiguum</span> <span class='ocrx_word' id='word_1_99' title='bbox 606 1228 680 1263; x_wconf 85' lang='lat' dir='ltr'>est.</span> <span class='ocrx_word' id='word_1_100' title='bbox 742 1221 858 1262; x_wconf 85' lang='lat' dir='ltr'>aditu</span> <span class='ocrx_word' id='word_1_101' title='bbox 882 1221 949 1262; x_wconf 86' lang='lat' dir='ltr'>fac</span> <span class='ocrx_word' id='word_1_102' title='bbox 974 1221 1101 1263; x_wconf 85' lang='lat' dir='ltr'>ianua</span> <span class='ocrx_word' id='word_1_103' title='bbox 1124 1235 1255 1277; x_wconf 86' lang='lat' dir='ltr'>parvo</span> 
     </span>
     <span class='ocr_line' id='line_1_18' title="bbox 113 1275 940 1332; baseline 0.002 -16"><span class='ocrx_word' id='word_1_104' title='bbox 113 1275 296 1317; x_wconf 84' lang='lat' dir='ltr'>oblicum</span> <span class='ocrx_word' id='word_1_105' title='bbox 323 1278 461 1332; x_wconf 88' lang='lat' dir='ltr'>capiat</span> <span class='ocrx_word' id='word_1_106' title='bbox 486 1277 794 1332; x_wconf 86' lang='lat' dir='ltr'>semiadaperta</span> <span class='ocrx_word' id='word_1_107' title='bbox 817 1278 940 1319; x_wconf 85' lang='lat' dir='ltr'>latus.</span> 
     </span>
    </p>

    <p class='ocr_par' dir='ltr' id='par_1_12' title="bbox 54 1331 1092 1445">
     <span class='ocr_line' id='line_1_19' title="bbox 54 1331 1061 1389; baseline 0.002 -17"><span class='ocrx_word' id='word_1_108' title='bbox 54 1331 206 1387; x_wconf 86' lang='lat' dir='ltr'>longus</span> <span class='ocrx_word' id='word_1_109' title='bbox 231 1347 347 1374; x_wconf 85' lang='lat' dir='ltr'>amor</span> <span class='ocrx_word' id='word_1_110' title='bbox 371 1334 475 1375; x_wconf 89' lang='lat' dir='ltr'>tales</span> <span class='ocrx_word' id='word_1_111' title='bbox 502 1348 653 1389; x_wconf 88' lang='lat' dir='ltr'>corpus</span> <span class='ocrx_word' id='word_1_112' title='bbox 679 1334 866 1375; x_wconf 86' lang='lat' dir='ltr'>tenuavit</span> <span class='ocrx_word' id='word_1_113' title='bbox 892 1334 936 1375; x_wconf 89' lang='lat' dir='ltr'>in</span> <span class='ocrx_word' id='word_1_114' title='bbox 959 1349 1061 1375; x_wconf 89' lang='lat' dir='ltr'>usus</span> 
     </span>
     <span class='ocr_line' id='line_1_20' title="bbox 112 1390 1092 1445; baseline 0.002 -16"><span class='ocrx_word' id='word_1_115' title='bbox 112 1395 294 1443; x_wconf 86' lang='lat' dir='ltr'>aptaque</span> <span class='ocrx_word' id='word_1_116' title='bbox 319 1390 527 1431; x_wconf 85' lang='lat' dir='ltr'>subducto</span> <span class='ocrx_word' id='word_1_117' title='bbox 553 1405 726 1445; x_wconf 91' lang='lat' dir='ltr'>corpore</span> <span class='ocrx_word' id='word_1_118' title='bbox 751 1390 941 1432; x_wconf 87' lang='lat' dir='ltr'>membra</span> <span class='ocrx_word' id='word_1_119' title='bbox 966 1390 1092 1432; x_wconf 87' lang='lat' dir='ltr'>dedit.</span> 
     </span>
    </p>

    <p class='ocr_par' dir='ltr' id='par_1_13' title="bbox 56 1444 1012 1558">
     <span class='ocr_line' id='line_1_21' title="bbox 56 1444 957 1500; baseline 0.001 -14"><span class='ocrx_word' id='word_1_120' title='bbox 56 1444 126 1486; x_wconf 84' lang='lat' dir='ltr'>ille</span> <span class='ocrx_word' id='word_1_121' title='bbox 150 1446 227 1500; x_wconf 85' lang='lat' dir='ltr'>per</span> <span class='ocrx_word' id='word_1_122' title='bbox 251 1446 451 1487; x_wconf 82' lang='lat' dir='ltr'>excubias</span> <span class='ocrx_word' id='word_1_123' title='bbox 477 1447 700 1488; x_wconf 89' lang='lat' dir='ltr'>custodum</span> <span class='ocrx_word' id='word_1_124' title='bbox 725 1447 873 1488; x_wconf 88' lang='lat' dir='ltr'>leniter</span> <span class='ocrx_word' id='word_1_125' title='bbox 897 1447 957 1488; x_wconf 88' lang='lat' dir='ltr'>ire</span> 
     </span>
     <span class='ocr_line' id='line_1_22' title="bbox 109 1503 1012 1558; baseline 0.002 -16"><span class='ocrx_word' id='word_1_126' title='bbox 109 1509 332 1551; x_wconf 89' lang='lat' dir='ltr'>monstrat,</span> <span class='ocrx_word' id='word_1_127' title='bbox 358 1503 585 1544; x_wconf 85' lang='lat' dir='ltr'>inoffensos</span> <span class='ocrx_word' id='word_1_128' title='bbox 611 1503 753 1558; x_wconf 84' lang='lat' dir='ltr'>dirigit</span> <span class='ocrx_word' id='word_1_129' title='bbox 777 1503 845 1545; x_wconf 90' lang='lat' dir='ltr'>ille</span> <span class='ocrx_word' id='word_1_130' title='bbox 871 1503 1012 1558; x_wconf 88' lang='lat' dir='ltr'>pedes.</span> 
     </span>
    </p>

    <p class='ocr_par' dir='ltr' id='par_1_14' title="bbox 53 1558 1232 1670">
     <span class='ocr_line' id='line_1_23' title="bbox 53 1558 1232 1613; baseline 0.003 -15"><span class='ocrx_word' id='word_1_131' title='bbox 53 1564 97 1598; x_wconf 85' lang='lat' dir='ltr'>at</span> <span class='ocrx_word' id='word_1_132' title='bbox 121 1558 333 1611; x_wconf 85' lang='lat' dir='ltr'>quondam</span> <span class='ocrx_word' id='word_1_133' title='bbox 358 1567 526 1601; x_wconf 84' lang='lat' dir='ltr'>noctem</span> <span class='ocrx_word' id='word_1_134' title='bbox 552 1560 858 1613; x_wconf 84' lang='lat' dir='ltr'>simulacraque</span> <span class='ocrx_word' id='word_1_135' title='bbox 884 1575 993 1600; x_wconf 79' lang='lat' dir='ltr'>vana</span> <span class='ocrx_word' id='word_1_136' title='bbox 1017 1559 1232 1602; x_wconf 85' lang='lat' dir='ltr'>timebam.</span> 
     </span>
     <span class='ocr_line' id='line_1_24' title="bbox 108 1614 1018 1670; baseline 0.002 -16"><span class='ocrx_word' id='word_1_137' title='bbox 108 1614 306 1663; x_wconf 87' lang='lat' dir='ltr'>mirabar,</span> <span class='ocrx_word' id='word_1_138' title='bbox 332 1616 516 1657; x_wconf 89' lang='lat' dir='ltr'>tenebris</span> <span class='ocrx_word' id='word_1_139' title='bbox 542 1616 731 1670; x_wconf 88' lang='lat' dir='ltr'>quisquis</span> <span class='ocrx_word' id='word_1_140' title='bbox 756 1616 890 1656; x_wconf 87' lang='lat' dir='ltr'>iturus</span> <span class='ocrx_word' id='word_1_141' title='bbox 917 1624 1018 1656; x_wconf 89' lang='lat' dir='ltr'>erat.</span> 
     </span>
    </p>

    <p class='ocr_par' dir='ltr' id='par_1_15' title="bbox 52 1669 1111 1782">
     <span class='ocr_line' id='line_1_25' title="bbox 52 1669 1111 1727; baseline 0.002 -17"><span class='ocrx_word' id='word_1_142' title='bbox 52 1669 162 1719; x_wconf 88' lang='lat' dir='ltr'>risit,</span> <span class='ocrx_word' id='word_1_143' title='bbox 187 1678 234 1711; x_wconf 86' lang='lat' dir='ltr'>ut</span> <span class='ocrx_word' id='word_1_144' title='bbox 260 1671 468 1721; x_wconf 88' lang='lat' dir='ltr'>audirem,</span> <span class='ocrx_word' id='word_1_145' title='bbox 494 1680 638 1713; x_wconf 85' lang='lat' dir='ltr'>tenera</span> <span class='ocrx_word' id='word_1_146' title='bbox 663 1686 760 1713; x_wconf 89' lang='lat' dir='ltr'>cum</span> <span class='ocrx_word' id='word_1_147' title='bbox 784 1680 915 1713; x_wconf 88' lang='lat' dir='ltr'>matre</span> <span class='ocrx_word' id='word_1_148' title='bbox 943 1670 1111 1727; x_wconf 86' lang='lat' dir='ltr'>Cupido</span> 
     </span>
     <span class='ocr_line' id='line_1_26' title="bbox 108 1727 960 1782; baseline 0.001 -14"><span class='ocrx_word' id='word_1_149' title='bbox 108 1734 150 1768; x_wconf 86' lang='lat' dir='ltr'>et</span> <span class='ocrx_word' id='word_1_150' title='bbox 173 1727 321 1769; x_wconf 86' lang='lat' dir='ltr'>leviter</span> <span class='ocrx_word' id='word_1_151' title='bbox 346 1728 438 1769; x_wconf 88' lang='lat' dir='ltr'>‘fies</span> <span class='ocrx_word' id='word_1_152' title='bbox 464 1735 508 1769; x_wconf 92' lang='lat' dir='ltr'>tu</span> <span class='ocrx_word' id='word_1_153' title='bbox 535 1742 702 1782; x_wconf 89' lang='lat' dir='ltr'>quoque</span> <span class='ocrx_word' id='word_1_154' title='bbox 727 1728 864 1769; x_wconf 85' lang='lat' dir='ltr'>fortis’</span> <span class='ocrx_word' id='word_1_155' title='bbox 891 1728 960 1769; x_wconf 87' lang='lat' dir='ltr'>ait.</span> 
     </span>
    </p>

    <p class='ocr_par' dir='ltr' id='par_1_16' title="bbox 49 1784 1292 1882">
     <span class='ocr_line' id='line_1_27' title="bbox 49 1784 1292 1836; baseline 0.002 -12"><span class='ocrx_word' id='word_1_156' title='bbox 49 1797 128 1825; x_wconf 89' lang='lat' dir='ltr'>nec</span> <span class='ocrx_word' id='word_1_157' title='bbox 153 1797 289 1832; x_wconf 87' lang='lat' dir='ltr'>mora,</span> <span class='ocrx_word' id='word_1_158' title='bbox 315 1785 430 1826; x_wconf 83' lang='lat' dir='ltr'>venit</span> <span class='ocrx_word' id='word_1_159' title='bbox 455 1799 584 1825; x_wconf 90' lang='lat' dir='ltr'>amor.</span> <span class='ocrx_word' id='word_1_160' title='bbox 644 1799 729 1825; x_wconf 89' lang='lat' dir='ltr'>non</span> <span class='ocrx_word' id='word_1_161' title='bbox 753 1784 925 1825; x_wconf 87' lang='lat' dir='ltr'>umbras</span> <span class='ocrx_word' id='word_1_162' title='bbox 950 1792 1073 1826; x_wconf 89' lang='lat' dir='ltr'>nocte</span> <span class='ocrx_word' id='word_1_163' title='bbox 1098 1786 1292 1836; x_wconf 81' lang='lat' dir='ltr'>volantis,</span> 
     </span>
     <span class='ocr_line' id='line_1_28' title="bbox 106 1840 1018 1882; baseline 0.002 -3"><span class='ocrx_word' id='word_1_164' title='bbox 106 1853 191 1880; x_wconf 90' lang='lat' dir='ltr'>non</span> <span class='ocrx_word' id='word_1_165' title='bbox 217 1840 342 1882; x_wconf 84' lang='lat' dir='ltr'>timeo</span> <span class='ocrx_word' id='word_1_166' title='bbox 367 1841 532 1882; x_wconf 86' lang='lat' dir='ltr'>strictas</span> <span class='ocrx_word' id='word_1_167' title='bbox 557 1841 600 1882; x_wconf 90' lang='lat' dir='ltr'>in</span> <span class='ocrx_word' id='word_1_168' title='bbox 624 1856 718 1882; x_wconf 92' lang='lat' dir='ltr'>mea</span> <span class='ocrx_word' id='word_1_169' title='bbox 743 1840 830 1881; x_wconf 88' lang='lat' dir='ltr'>fata</span> <span class='ocrx_word' id='word_1_170' title='bbox 854 1856 1018 1881; x_wconf 88' lang='lat' dir='ltr'>manus.</span> 
     </span>
    </p>

    <p class='ocr_par' dir='ltr' id='par_1_17' title="bbox 49 1896 1107 2009">
     <span class='ocr_line' id='line_1_29' title="bbox 49 1896 1081 1946; baseline 0.002 -10"><span class='ocrx_word' id='word_1_171' title='bbox 49 1903 90 1938; x_wconf 86' lang='lat' dir='ltr'>te</span> <span class='ocrx_word' id='word_1_172' title='bbox 115 1896 293 1937; x_wconf 88' lang='lat' dir='ltr'>nimium</span> <span class='ocrx_word' id='word_1_173' title='bbox 315 1897 476 1939; x_wconf 89' lang='lat' dir='ltr'>lentum</span> <span class='ocrx_word' id='word_1_174' title='bbox 500 1897 645 1946; x_wconf 84' lang='lat' dir='ltr'>timeo,</span> <span class='ocrx_word' id='word_1_175' title='bbox 671 1897 747 1938; x_wconf 88' lang='lat' dir='ltr'>tibi</span> <span class='ocrx_word' id='word_1_176' title='bbox 773 1897 966 1938; x_wconf 87' lang='lat' dir='ltr'>blandior</span> <span class='ocrx_word' id='word_1_177' title='bbox 990 1898 1081 1938; x_wconf 91' lang='lat' dir='ltr'>uni:</span> 
     </span>
     <span class='ocr_line' id='line_1_30' title="bbox 106 1953 1107 2009; baseline 0.002 -16"><span class='ocrx_word' id='word_1_178' title='bbox 106 1959 170 2001; x_wconf 89' lang='lat' dir='ltr'>tu,</span> <span class='ocrx_word' id='word_1_179' title='bbox 195 1968 263 1994; x_wconf 88' lang='lat' dir='ltr'>me</span> <span class='ocrx_word' id='word_1_180' title='bbox 288 1967 371 2007; x_wconf 88' lang='lat' dir='ltr'>quo</span> <span class='ocrx_word' id='word_1_181' title='bbox 396 1954 532 2008; x_wconf 88' lang='lat' dir='ltr'>possis</span> <span class='ocrx_word' id='word_1_182' title='bbox 557 1954 751 2009; x_wconf 83' lang='lat' dir='ltr'>perdere,</span> <span class='ocrx_word' id='word_1_183' title='bbox 777 1954 938 1994; x_wconf 87' lang='lat' dir='ltr'>fulmen</span> <span class='ocrx_word' id='word_1_184' title='bbox 963 1953 1107 1995; x_wconf 84' lang='lat' dir='ltr'>habes.</span> 
     </span>
    </p>

    <p class='ocr_par' dir='ltr' id='par_1_18' title="bbox 49 2008 1130 2108">
     <span class='ocr_line' id='line_1_31' title="bbox 49 2008 1130 2066; baseline 0.003 -17"><span class='ocrx_word' id='word_1_185' title='bbox 49 2009 189 2063; x_wconf 86' lang='lat' dir='ltr'>aspice</span> <span class='ocrx_word' id='word_1_186' title='bbox 213 2008 275 2062; x_wconf 84' lang='lat' dir='ltr'>(et</span> <span class='ocrx_word' id='word_1_187' title='bbox 298 2017 346 2051; x_wconf 83' lang='lat' dir='ltr'>ut</span> <span class='ocrx_word' id='word_1_188' title='bbox 370 2010 533 2060; x_wconf 85' lang='lat' dir='ltr'>videas,</span> <span class='ocrx_word' id='word_1_189' title='bbox 558 2011 722 2051; x_wconf 86' lang='lat' dir='ltr'>inmitia</span> <span class='ocrx_word' id='word_1_190' title='bbox 747 2011 929 2051; x_wconf 87' lang='lat' dir='ltr'>claustra</span> <span class='ocrx_word' id='word_1_191' title='bbox 953 2010 1130 2066; x_wconf 78' lang='lat' dir='ltr'>relaxa),</span> 
     </span>
     <span class='ocr_line' id='line_1_32' title="bbox 106 2066 974 2108; baseline 0.001 -2"><span class='ocrx_word' id='word_1_192' title='bbox 106 2066 190 2106; x_wconf 88' lang='lat' dir='ltr'>uda</span> <span class='ocrx_word' id='word_1_193' title='bbox 214 2066 268 2107; x_wconf 84' lang='lat' dir='ltr'>sit</span> <span class='ocrx_word' id='word_1_194' title='bbox 290 2074 338 2108; x_wconf 87' lang='lat' dir='ltr'>ut</span> <span class='ocrx_word' id='word_1_195' title='bbox 361 2067 543 2108; x_wconf 86' lang='lat' dir='ltr'>lacrimis</span> <span class='ocrx_word' id='word_1_196' title='bbox 569 2067 695 2108; x_wconf 84' lang='lat' dir='ltr'>ianua</span> <span class='ocrx_word' id='word_1_197' title='bbox 719 2067 832 2108; x_wconf 80' lang='lat' dir='ltr'>facta</span> <span class='ocrx_word' id='word_1_198' title='bbox 856 2067 974 2108; x_wconf 88' lang='lat' dir='ltr'>meis.</span> 
     </span>
    </p>

    <p class='ocr_par' dir='ltr' id='par_1_19' title="bbox 49 2123 1161 2235">
     <span class='ocr_line' id='line_1_33' title="bbox 49 2123 1161 2179; baseline 0.003 -17"><span class='ocrx_word' id='word_1_199' title='bbox 49 2128 162 2163; x_wconf 85' lang='lat' dir='ltr'>certe</span> <span class='ocrx_word' id='word_1_200' title='bbox 186 2136 285 2177; x_wconf 88' lang='lat' dir='ltr'>ego,</span> <span class='ocrx_word' id='word_1_201' title='bbox 311 2137 408 2164; x_wconf 88' lang='lat' dir='ltr'>cum</span> <span class='ocrx_word' id='word_1_202' title='bbox 432 2124 570 2179; x_wconf 83' lang='lat' dir='ltr'>posita</span> <span class='ocrx_word' id='word_1_203' title='bbox 594 2131 725 2165; x_wconf 87' lang='lat' dir='ltr'>stares</span> <span class='ocrx_word' id='word_1_204' title='bbox 751 2124 805 2164; x_wconf 88' lang='lat' dir='ltr'>ad</span> <span class='ocrx_word' id='word_1_205' title='bbox 830 2123 1006 2165; x_wconf 85' lang='lat' dir='ltr'>verbera</span> <span class='ocrx_word' id='word_1_206' title='bbox 1031 2130 1161 2173; x_wconf 87' lang='lat' dir='ltr'>veste,</span> 
     </span>
     <span class='ocr_line' id='line_1_34' title="bbox 106 2178 1062 2235; baseline 0.002 -17"><span class='ocrx_word' id='word_1_207' title='bbox 106 2178 160 2218; x_wconf 87' lang='lat' dir='ltr'>ad</span> <span class='ocrx_word' id='word_1_208' title='bbox 185 2178 398 2221; x_wconf 89' lang='lat' dir='ltr'>dominam</span> <span class='ocrx_word' id='word_1_209' title='bbox 422 2194 497 2235; x_wconf 92' lang='lat' dir='ltr'>pro</span> <span class='ocrx_word' id='word_1_210' title='bbox 522 2189 563 2222; x_wconf 93' lang='lat' dir='ltr'>te</span> <span class='ocrx_word' id='word_1_211' title='bbox 587 2181 719 2222; x_wconf 88' lang='lat' dir='ltr'>verba</span> <span class='ocrx_word' id='word_1_212' title='bbox 743 2187 946 2222; x_wconf 89' lang='lat' dir='ltr'>tremente</span> <span class='ocrx_word' id='word_1_213' title='bbox 973 2180 1062 2221; x_wconf 85' lang='lat' dir='ltr'>tuli.</span> 
     </span>
    </p>

    <p class='ocr_par' dir='ltr' id='par_1_20' title="bbox 50 2236 1216 2348">
     <span class='ocr_line' id='line_1_35' title="bbox 50 2236 1216 2292; baseline 0.003 -18"><span class='ocrx_word' id='word_1_214' title='bbox 50 2248 150 2288; x_wconf 86' lang='lat' dir='ltr'>ergo</span> <span class='ocrx_word' id='word_1_215' title='bbox 176 2248 285 2289; x_wconf 88' lang='lat' dir='ltr'>quae</span> <span class='ocrx_word' id='word_1_216' title='bbox 311 2237 443 2277; x_wconf 84' lang='lat' dir='ltr'>valuit</span> <span class='ocrx_word' id='word_1_217' title='bbox 467 2251 543 2292; x_wconf 89' lang='lat' dir='ltr'>pro</span> <span class='ocrx_word' id='word_1_218' title='bbox 568 2245 609 2278; x_wconf 90' lang='lat' dir='ltr'>te</span> <span class='ocrx_word' id='word_1_219' title='bbox 635 2251 803 2291; x_wconf 89' lang='lat' dir='ltr'>quoque</span> <span class='ocrx_word' id='word_1_220' title='bbox 827 2237 964 2291; x_wconf 85' lang='lat' dir='ltr'>gratia</span> <span class='ocrx_word' id='word_1_221' title='bbox 988 2236 1216 2289; x_wconf 84' lang='lat' dir='ltr'>quondam,</span> 
     </span>
     <span class='ocr_line' id='line_1_36' title="bbox 106 2291 1172 2348; baseline 0.002 -17"><span class='ocrx_word' id='word_1_222' title='bbox 106 2291 190 2332; x_wconf 90' lang='lat' dir='ltr'>heu</span> <span class='ocrx_word' id='word_1_223' title='bbox 213 2291 397 2334; x_wconf 78' lang='lat' dir='ltr'>facinus!</span> <span class='ocrx_word' id='word_1_224' title='bbox 435 2307 511 2348; x_wconf 89' lang='lat' dir='ltr'>pro</span> <span class='ocrx_word' id='word_1_225' title='bbox 536 2308 604 2335; x_wconf 89' lang='lat' dir='ltr'>me</span> <span class='ocrx_word' id='word_1_226' title='bbox 627 2308 740 2334; x_wconf 89' lang='lat' dir='ltr'>nunc</span> <span class='ocrx_word' id='word_1_227' title='bbox 765 2294 876 2334; x_wconf 87' lang='lat' dir='ltr'>valet</span> <span class='ocrx_word' id='word_1_228' title='bbox 900 2293 973 2334; x_wconf 87' lang='lat' dir='ltr'>illa</span> <span class='ocrx_word' id='word_1_229' title='bbox 995 2293 1172 2348; x_wconf 81' lang='lat' dir='ltr'>parum?</span> 
     </span>
    </p>

    <p class='ocr_par' dir='ltr' id='par_1_21' title="bbox 49 2346 1274 2405">
     <span class='ocr_line' id='line_1_37' title="bbox 49 2346 1274 2405; baseline 0 -18"><span class='ocrx_word' id='word_1_230' title='bbox 49 2346 178 2388; x_wconf 88' lang='lat' dir='ltr'>redde</span> <span class='ocrx_word' id='word_1_231' title='bbox 202 2348 337 2390; x_wconf 88' lang='lat' dir='ltr'>vicem</span> <span class='ocrx_word' id='word_1_232' title='bbox 361 2350 533 2390; x_wconf 88' lang='lat' dir='ltr'>meritis.</span> <span class='ocrx_word' id='word_1_233' title='bbox 593 2357 715 2405; x_wconf 85' lang='lat' dir='ltr'>grato</span> <span class='ocrx_word' id='word_1_234' title='bbox 740 2350 837 2390; x_wconf 87' lang='lat' dir='ltr'>licet</span> <span class='ocrx_word' id='word_1_235' title='bbox 862 2364 973 2398; x_wconf 86' lang='lat' dir='ltr'>esse,</span> <span class='ocrx_word' id='word_1_236' title='bbox 1000 2349 1114 2402; x_wconf 90' lang='lat' dir='ltr'>quod</span> <span class='ocrx_word' id='word_1_237' title='bbox 1139 2356 1274 2405; x_wconf 82' lang='lat' dir='ltr'>optas.</span> 
     </span>
    </p>

    <p class='ocr_par' dir='ltr' id='par_1_22' title="bbox 56 2405 1124 2460">
     <span class='ocr_line' id='line_1_38' title="bbox 56 2405 1124 2460; baseline 0.002 -16"><span class='ocrx_word' id='word_1_238' title='bbox 56 2413 58 2415; x_wconf 74' lang='grc'><strong><em>’</em></strong></span> <span class='ocrx_word' id='word_1_239' title='bbox 105 2410 297 2458; x_wconf 85' lang='lat' dir='ltr'>tempora</span> <span class='ocrx_word' id='word_1_240' title='bbox 320 2405 453 2446; x_wconf 90' lang='lat' dir='ltr'>noctis</span> <span class='ocrx_word' id='word_1_241' title='bbox 479 2413 591 2446; x_wconf 89' lang='lat' dir='ltr'>eunt.</span> <span class='ocrx_word' id='word_1_242' title='bbox 651 2414 800 2446; x_wconf 87' lang='lat' dir='ltr'>excute</span> <span class='ocrx_word' id='word_1_243' title='bbox 824 2413 943 2460; x_wconf 86' lang='lat' dir='ltr'>poste</span> <span class='ocrx_word' id='word_1_244' title='bbox 969 2405 1124 2446; x_wconf 70' lang='lat' dir='ltr'>seram!</span> 
     </span>
    </p>

    <p class='ocr_par' dir='ltr' id='par_1_23' title="bbox 49 2459 1158 2572">
     <span class='ocr_line' id='line_1_39' title="bbox 49 2459 1158 2515; baseline 0.002 -15"><span class='ocrx_word' id='word_1_245' title='bbox 49 2459 218 2501; x_wconf 78' lang='lat' dir='ltr'>excute!</span> <span class='ocrx_word' id='word_1_246' title='bbox 244 2483 301 2490; x_wconf 84' lang='lat'><strong>—</strong></span> <span class='ocrx_word' id='word_1_247' title='bbox 325 2461 385 2502; x_wconf 89' lang='lat' dir='ltr'>sic</span> <span class='ocrx_word' id='word_1_248' title='bbox 409 2475 612 2515; x_wconf 87' lang='lat' dir='ltr'>umquam</span> <span class='ocrx_word' id='word_1_249' title='bbox 635 2462 763 2515; x_wconf 84' lang='lat' dir='ltr'>longa</span> <span class='ocrx_word' id='word_1_250' title='bbox 786 2463 971 2502; x_wconf 76' lang='lat' dir='ltr'>relevere</span> <span class='ocrx_word' id='word_1_251' title='bbox 997 2468 1158 2511; x_wconf 86' lang='lat' dir='ltr'>catena,</span> 
     </span>
     <span class='ocr_line' id='line_1_40' title="bbox 105 2516 1003 2572; baseline 0.002 -16"><span class='ocrx_word' id='word_1_252' title='bbox 105 2530 184 2557; x_wconf 87' lang='lat' dir='ltr'>nec</span> <span class='ocrx_word' id='word_1_253' title='bbox 208 2516 284 2557; x_wconf 92' lang='lat' dir='ltr'>tibi</span> <span class='ocrx_word' id='word_1_254' title='bbox 307 2524 510 2572; x_wconf 88' lang='lat' dir='ltr'>perpetuo</span> <span class='ocrx_word' id='word_1_255' title='bbox 536 2532 657 2559; x_wconf 87' lang='lat' dir='ltr'>serva</span> <span class='ocrx_word' id='word_1_256' title='bbox 681 2518 851 2558; x_wconf 87' lang='lat' dir='ltr'>bibatur</span> <span class='ocrx_word' id='word_1_257' title='bbox 875 2517 1003 2571; x_wconf 76' lang='lat' dir='ltr'>aqua!</span> 
     </span>
    </p>

    <p class='ocr_par' dir='ltr' id='par_1_24' title="bbox 49 2570 1075 2685">
     <span class='ocr_line' id='line_1_41' title="bbox 49 2570 1075 2628; baseline 0.003 -16"><span class='ocrx_word' id='word_1_258' title='bbox 49 2570 210 2613; x_wconf 89' lang='lat' dir='ltr'>ferreus</span> <span class='ocrx_word' id='word_1_259' title='bbox 236 2580 424 2615; x_wconf 85' lang='lat' dir='ltr'>orantem</span> <span class='ocrx_word' id='word_1_260' title='bbox 449 2574 726 2628; x_wconf 84' lang='lat' dir='ltr'>nequiquam,</span> <span class='ocrx_word' id='word_1_261' title='bbox 752 2574 915 2624; x_wconf 84' lang='lat' dir='ltr'>ianitor,</span> <span class='ocrx_word' id='word_1_262' title='bbox 942 2573 1075 2616; x_wconf 76' lang='lat' dir='ltr'>audis,</span> 
     </span>
     <span class='ocr_line' id='line_1_42' title="bbox 104 2628 894 2685; baseline 0.004 -16"><span class='ocrx_word' id='word_1_263' title='bbox 104 2628 327 2671; x_wconf 86' lang='lat' dir='ltr'>roboribus</span> <span class='ocrx_word' id='word_1_264' title='bbox 353 2629 466 2672; x_wconf 88' lang='lat' dir='ltr'>duris</span> <span class='ocrx_word' id='word_1_265' title='bbox 491 2630 620 2672; x_wconf 86' lang='lat' dir='ltr'>ianua</span> <span class='ocrx_word' id='word_1_266' title='bbox 643 2631 750 2671; x_wconf 88' lang='lat' dir='ltr'>fulta</span> <span class='ocrx_word' id='word_1_267' title='bbox 773 2630 894 2685; x_wconf 85' lang='lat' dir='ltr'>riget.</span> 
     </span>
    </p>

    <p class='ocr_par' dir='ltr' id='par_1_25' title="bbox 49 2683 1102 2800">
     <span class='ocr_line' id='line_1_43' title="bbox 49 2683 1049 2742; baseline 0.004 -18"><span class='ocrx_word' id='word_1_268' title='bbox 49 2683 224 2726; x_wconf 88' lang='lat' dir='ltr'>urbibus</span> <span class='ocrx_word' id='word_1_269' title='bbox 250 2686 430 2728; x_wconf 83' lang='lat' dir='ltr'>obsessis</span> <span class='ocrx_word' id='word_1_270' title='bbox 456 2687 624 2729; x_wconf 85' lang='lat' dir='ltr'>clausae</span> <span class='ocrx_word' id='word_1_271' title='bbox 649 2687 882 2729; x_wconf 91' lang='lat' dir='ltr'>munimina</span> <span class='ocrx_word' id='word_1_272' title='bbox 905 2694 1049 2742; x_wconf 86' lang='lat' dir='ltr'>portae</span> 
     </span>
     <span class='ocr_line' id='line_1_44' title="bbox 105 2743 1102 2800; baseline 0.002 -18"><span class='ocrx_word' id='word_1_273' title='bbox 105 2749 300 2795; x_wconf 85' lang='lat' dir='ltr'>prosunt:</span> <span class='ocrx_word' id='word_1_274' title='bbox 326 2743 370 2784; x_wconf 90' lang='lat' dir='ltr'>in</span> <span class='ocrx_word' id='word_1_275' title='bbox 395 2743 534 2786; x_wconf 87' lang='lat' dir='ltr'>media</span> <span class='ocrx_word' id='word_1_276' title='bbox 558 2758 662 2800; x_wconf 85' lang='lat' dir='ltr'>pace</span> <span class='ocrx_word' id='word_1_277' title='bbox 687 2743 790 2798; x_wconf 88' lang='lat' dir='ltr'>quid</span> <span class='ocrx_word' id='word_1_278' title='bbox 815 2759 930 2785; x_wconf 83' lang='lat' dir='ltr'>arma</span> <span class='ocrx_word' id='word_1_279' title='bbox 955 2744 1102 2786; x_wconf 80' lang='lat' dir='ltr'>times?</span> 
     </span>
    </p>
   </div>
   <div class='ocr_carea' id='block_1_6' title="bbox 1377 235 1431 276">
    <p class='ocr_par' dir='ltr' id='par_1_26' title="bbox 1377 235 1431 276">
     <span class='ocr_line' id='line_1_45' title="bbox 1377 235 1431 276; baseline 0 0"><span class='ocrx_word' id='word_1_280' title='bbox 1377 235 1431 276; x_wconf 80' lang='lat'>85</span> 
     </span>
    </p>
   </div>
   <div class='ocr_carea' id='block_1_7' title="bbox 1458 338 1496 368">
    <p class='ocr_par' dir='ltr' id='par_1_27' title="bbox 1458 338 1496 368">
     <span class='ocr_line' id='line_1_46' title="bbox 1458 338 1496 368; baseline 0 0"><span class='ocrx_word' id='word_1_281' title='bbox 1458 338 1496 368; x_wconf 80' lang='lat'>15</span> 
     </span>
    </p>
   </div>
   <div class='ocr_carea' id='block_1_8' title="bbox 1454 900 1494 930">
    <p class='ocr_par' dir='ltr' id='par_1_28' title="bbox 1454 900 1494 930">
     <span class='ocr_line' id='line_1_47' title="bbox 1454 900 1494 930; baseline 0.025 -1"><span class='ocrx_word' id='word_1_282' title='bbox 1454 900 1494 930; x_wconf 84' lang='lat'>25</span> 
     </span>
    </p>
   </div>
   <div class='ocr_carea' id='block_1_9' title="bbox 1448 1632 1490 1663">
    <p class='ocr_par' dir='ltr' id='par_1_29' title="bbox 1448 1632 1490 1663">
     <span class='ocr_line' id='line_1_48' title="bbox 1448 1632 1490 1663; baseline 0.024 -1"><span class='ocrx_word' id='word_1_283' title='bbox 1448 1632 1490 1663; x_wconf 90' lang='lat'>10</span> 
     </span>
    </p>
   </div>
   <div class='ocr_carea' id='block_1_10' title="bbox 1447 1914 1486 1943">
    <p class='ocr_par' dir='ltr' id='par_1_30' title="bbox 1447 1914 1486 1943">
     <span class='ocr_line' id='line_1_49' title="bbox 1447 1914 1486 1943; baseline 0 0"><span class='ocrx_word' id='word_1_284' title='bbox 1447 1914 1486 1943; x_wconf 81' lang='lat'>15</span> 
     </span>
    </p>
   </div>
   <div class='ocr_carea' id='block_1_11' title="bbox 1440 2759 1483 2790">
    <p class='ocr_par' dir='ltr' id='par_1_31' title="bbox 1440 2759 1483 2790">
     <span class='ocr_line' id='line_1_50' title="bbox 1440 2759 1483 2790; baseline 0.023 -1"><span class='ocrx_word' id='word_1_285' title='bbox 1440 2759 1483 2790; x_wconf 85' lang='lat'>30</span> 
     </span>
    </p>
   </div>
  </div>
 </body>
</html>
