1831 3168
345 216 400 258 98
800 226 843 260 Ρ.
870 226 1017 262 OVIDI
1042 225 1258 262 NASONIS

279 324 318 353 15
346 308 462 350 nulla
488 306 726 362 Sophocleo
752 307 889 349 veniet
915 307 1075 349 iactura
1100 307 1317 349 cothurno.

403 380 499 406 cum
525 364 611 405 sole
638 371 679 405 et
702 364 803 405 luna
828 379 993 419 semper
1018 365 1177 406 Aratus
1204 364 1294 406 erit.

345 422 445 462 dum
472 420 602 461 fallax
627 435 793 469 servus,
820 421 949 462 durus
975 429 1111 476 pater,
1137 421 1329 476 improba
1354 421 1449 463 lena

403 478 545 519 vivent
571 484 612 518 et
635 477 834 519 meretrix
859 477 1034 526 blanda,
1060 477 1321 519 Menandros
1348 479 1437 520 erit.

345 533 511 575 Ennius
537 540 625 575 arte
651 547 798 576 carens
824 534 1086 588 animosique
1112 535 1256 576 Attius
1282 535 1364 576 oris

278 605 320 635 2¹0
403 605 600 632 casurum
623 590 739 631 nullo
765 600 952 646 tempore
977 605 1129 633 nomen
1155 590 1324 632 habent.

350 647 587 689 Varronem
611 647 877 702 primamque
902 655 1035 689 ratem
1061 662 1169 702 quae
1194 648 1353 689 nesciet
1378 656 1492 690 actas

402 718 613 758 aureaque
639 704 825 745 Aesonio
851 712 970 760 terga
993 705 1123 760 petita
1149 705 1271 746 duci?

347 761 531 801 carmina
556 760 746 802 sublimis
771 769 871 802 tunc
898 770 992 802 sunt
1018 762 1202 816 peritura
1229 761 1415 811 Lucreti,

403 817 529 858 exitio
556 824 687 859 terras
713 832 808 858 cum
835 818 950 859 dabit
975 833 1060 858 una
1086 818 1186 859 dies.

277 888 319 919 25
345 873 518 928 Tityrus
545 881 587 915 et
610 874 754 929 fruges
780 875 1029 928 Aeneiaque
1055 890 1171 915 arma
1196 875 1402 929 legentur,

402 930 540 972 Roma
564 930 809 985 triumphati
835 931 935 971 dum
962 939 1088 985 caput
1114 930 1225 971 orbis
1251 931 1340 971 erit.

345 987 478 1028 donec
504 994 626 1028 crunt
649 987 768 1042 ignes
795 1001 1001 1040 arcusque
1028 986 1251 1041 Cupidinis
1278 1002 1407 1035 arma,

402 1044 615 1085 discentur
638 1044 821 1093 numeri,
848 1045 958 1085 culte
983 1044 1172 1091 Tibulle,
1199 1043 1272 1084 tui.

346 1098 498 1142 Gallus
525 1109 566 1142 et
592 1100 809 1156 Hesperiis
835 1109 876 1142 et
903 1099 1054 1141 Gallus
1080 1108 1202 1141 notus
1229 1100 1329 1141 Eois

276 1173 320 1204 30
403 1165 444 1199 et
469 1172 543 1198 sua
570 1171 667 1198 cum
694 1156 820 1199 Gallo
846 1167 945 1198 nota
970 1157 1150 1212 Lycoris
1177 1157 1266 1198 erit.

345 1228 446 1269 ergo
473 1229 571 1256 cum
596 1214 751 1263 silices,
778 1229 873 1255 cum
900 1214 1002 1255 dens
1027 1214 1222 1269 patientis
1249 1214 1376 1255 aratri

400 1271 630 1326 depereant
655 1285 779 1320 aevo,
806 1271 991 1312 carmina
1014 1278 1148 1312 morte
1175 1279 1329 1312 carent.

345 1327 495 1369 cedant
521 1328 778 1369 carminibus
803 1343 922 1383 reges
947 1342 1182 1382 regumque
1207 1327 1421 1382 tfiumphi,

401 1384 523 1426 cedat
548 1392 586 1426 et
612 1385 783 1426 auriferi
808 1385 899 1440 ripa
924 1384 1108 1426 beniona
1133 1384 1255 1439 Tagi.

274 1457 316 1488 35
343 1441 443 1482 vilia
467 1441 641 1482 miretur
665 1441 832 1496 vulgus.
892 1441 993 1482 mihi
1018 1421 1153 1482 §avus
1179 1441 1334 1495 Apollo

398 1498 552 1553 pocula
577 1496 765 1539 Castalia
788 1499 914 1553 plena
938 1498 1143 1539 ministret
1169 1512 1292 1551 aqua,

342 1555 657 1608 sustineamque
683 1569 803 1596 coma
827 1562 1082 1596 metuentem
1107 1554 1266 1609 frigora
1290 1563 1493 1609 myrtum:

399 1626 508 1666 aque
532 1612 592 1653 ita
617 1612 792 1653 sollicito
818 1612 975 1653 multus
1001 1618 1168 1652 amante
1193 1611 1322 1666 legar.

341 1669 528 1724 pascitur
551 1669 595 1710 in
620 1668 726 1710 vivis
752 1668 871 1718 livor,
896 1676 993 1724 post
1016 1668 1105 1709 fata
1129 1668 1318 1722 quiescit,

273 1741 317 1771 40
400 1740 497 1767 cum
522 1740 623 1767 suus
650 1740 703 1767 ex
727 1725 876 1767 merito
902 1740 1112 1780 quemque
1137 1732 1279 1766 tuetur
1304 1725 1449 1765 honos.

342 1796 443 1838 ergo
469 1783 596 1824 etiam
621 1797 718 1823 cum
742 1797 809 1824 me
836 1798 1058 1838 supremus
1084 1782 1270 1823 adederit
1295 1781 1418 1837 ignis,

398 1840 558 1889 vivam,
584 1854 766 1894 parsque
791 1839 875 1881 mei
899 1840 1031 1880 multa
1058 1847 1270 1894 superstes
1296 1839 1385 1880 erit.

801 1983 953 2018 LIBER
978 1982 1254 2020 SECUNDUS.

1011 2054 1045 2094 Ι.

342 2124 439 2164 Hoc
463 2136 632 2177 quoque
658 2122 874 2187 composui
899 2121 1089 2177 Pelignis
1114 2129 1238 2162 natus
1264 2120 1432 2175 aquosis
1481 2116 1490 2125 ”

398 2180 467 2221 ille
492 2194 572 2235 ego
597 2179 810 2232 nequitiae
835 2178 951 2219 Naso
977 2186 1101 2233 poeta
1124 2193 1256 2219 meae.

342 2237 422 2278 hoc
444 2250 613 2290 quoque
630 2235 753 2277 iussit
766 2236 913 2276 Amor.
951 2235 1098 2290 procul
1123 2235 1233 2280 hinc,
1259 2235 1405 2289 piocul
1427 2242 1528 2283 este,
1557 2233 1709 2276 sexeii:

398 2307 483 2334 non
509 2293 608 2334 estis
633 2292 786 2334 teneris
812 2300 911 2347 apta
935 2292 1099 2333 theatra
1123 2291 1273 2332 modis.

297 2365 316 2395 5
343 2365 409 2391 me
435 2350 586 2405 legat
574 2366 617 2391 1n
643 2349 784 2405 sponsi
809 2349 918 2390 facie
942 2363 1027 2389 non
1051 2349 1207 2403 frigida
1232 2348 1350 2402 virgo

399 2414 441 2448 et
464 2406 580 2448 rudis
605 2406 750 2461 ignoto
775 2413 912 2447 tactus
938 2420 1079 2447 amore
1103 2420 1221 2460 puer.

342 2471 469 2517 atque
494 2463 681 2517 aliquis
670 2478 889 2512 luvenum‚
915 2477 998 2528 quo
1024 2477 1136 2503 nuno
1161 2476 1254 2516 ego,
1281 2476 1354 2502 sau
1359 2460 1446 2501 cius
1473 2475 1573 2502 alcu

399 2527 601 2575 agnoscat
624 2520 818 2561 flammae
843 2519 1011 2561 conscia
1036 2520 1156 2574 signa
1181 2533 1282 2559 suae

342 2576 601 2642 miratusque
628 2577 737 2618 diu‘
746 2576 848 2630 quo'
875 2577 986 2617 dicat
1012 2576 1085 2617 ‘ab
1110 2575 1247 2616 indice
1273 2574 1420 2616 doctus

277 2646 318 2676 10
400 2633 622 2687 conposuit
647 2648 768 2674 casus
794 2633 871 2675 iste
896 2641 1022 2688 poeta
1046 2632 1205 2674 meos?'

342 2703 469 2730 ausus
495 2704 629 2739 eram,
654 2690 846 2738 memini,
874 2690 1070 2731 caelestia
1095 2689 1233 2730 dicere
1258 2688 1369 2729 bella

399 2745 765 2800 centimanumque
792 2745 949 2801 Gygen
975 2745 1033 2799 (et
1060 2746 1159 2787 satis
1185 2745 1267 2786 oris
1293 2745 1414 2798 erat),
