1831 3168
190 364 233 393 50

189 930 231 960 90

166 1498 230 1529 100

166 1783 228 1813 105

166 2066 229 2095 110

165 2351 227 2380 115

165 2634 228 2665 120

261 255 340 297 198
715 263 931 300 P.OV1D1
957 263 1173 299 NASONIS

316 346 349 387 si
376 346 510 402 piget,
536 346 578 386 in
604 345 739 401 primo
764 345 907 387 limine
933 345 1032 388 siste
1057 344 1222 401 pedem.

259 404 466 459 opprime,
493 402 594 443 dum
619 417 730 443 nova
755 410 870 451 sunt,
897 402 1023 443 subiti
1049 402 1162 443 mala
1187 402 1346 444 semina
1371 404 1523 454 morbi,

316 468 356 502 et
380 467 477 501 tuus
501 459 706 514 incipiens
732 458 792 501 irc
817 459 982 501 lesistat
1007 473 1154 513 equus.

257 532 353 557 nam
380 530 497 557 mora
523 516 595 557 dat
619 516 741 558 vires.
802 523 967 558 teneras
993 530 1111 557 mora
1135 516 1352 571 percoquit
1377 532 1497 566 uvas,

315 582 353 614 et
380 573 540 614 validas
567 580 751 627 segetes,
779 587 887 627 quae
913 572 991 614 fuit
1018 572 1168 621 herba,
1195 573 1307 614 facit.

215 646 225 650 ·
256 644 363 684 quae
389 630 561 685 praebet
588 630 694 671 latas
720 629 844 671 arbor
869 629 1148 685 spatiantibus
1174 630 1360 679 umbras,

313 701 396 740 quo
423 687 560 742 posita
585 694 647 728 cst
672 686 857 741 primum
883 695 1091 742 tempore,
1118 686 1239 742 virga
1263 686 1355 728 fuit.

255 751 343 784 tum
370 751 533 799 poterat
559 743 755 785 manibus
781 758 947 785 summa
972 744 1120 785 tellure
1145 743 1308 785 revelli:

313 816 424 842 nunc
450 808 532 842 stat
556 801 598 841 in
625 800 862 842 inmensum
888 800 1048 842 viribus
1075 808 1168 842 acta
1193 800 1293 841 suis.

256 858 380 911 quale
407 858 457 899 sit
484 857 546 907 id,
572 857 687 911 quod
714 873 849 906 amas,
876 858 1000 899 celeri
1026 857 1301 913 circumspice
1328 865 1480 906 mente,

315 922 353 956 et
380 922 451 956 tua
476 915 640 956 laesuro
665 914 865 956 subtrahe
891 914 998 956 colla
1022 914 1136 970 iugo.

256 971 471 1026 principiis
497 971 630 1012 obsta.
692 986 784 1013 sero
810 971 1019 1013 medicina
1043 978 1229 1026 paratur,

314 1043 410 1070 cum
436 1029 546 1069 mala
570 1043 645 1083 per
669 1028 818 1083 longas
845 1043 950 1069 conv
942 1028 1095 1070 ⁷·alue1e
1120 1042 1273 1069 moras.

257 1085 329 1126 scd
355 1100 551 1140 pr·ope1a,
577 1100 655 1126 nec
680 1093 719 1126 te
744 1094 943 1127 v·entu1as
970 1085 1127 1127 differ
1117 1101 1159 1126 m
1185 1085 1329 1126 horas.

315 1142 386 1195 qui
412 1156 495 1183 non
522 1151 584 1184 est
609 1141 752 1191 hodie,
780 1157 871 1183 cras
897 1142 1035 1184 minus
1062 1149 1184 1197 aptus
1211 1141 1300 1184 erit.

214 1214 225 1228 ν-
255 1199 385 1240 verba
410 1199 481 1240 dat
506 1199 641 1239 omnis
666 1212 783 1239 amor
807 1199 1045 1253 lepcritque
1071 1199 1270 1240 alimenta
1294 1198 1516 1241 morando:

313 1256 471 1311 optima
496 1256 704 1297 vindictae
729 1256 921 1311 proxima
946 1270 1139 1310 quaeque
1165 1256 1267 1297 dies.

255 1312 429 1354 flumina
454 1327 590 1368 pauca
614 1312 731 1354 vides
757 1313 808 1354 dc
833 1312 998 1367 magnis
1024 1312 1212 1354 fontibus
1238 1320 1346 1353 orta:

312 1369 495 1424 plurima
520 1369 702 1411 collectis
728 1369 1060 1424 multiplicantur
1086 1370 1219 1423 aquis.

256 1426 290 1467 si
316 1427 397 1467 cito
423 1426 644 1475 sensisses,
670 1433 874 1480 quantum
900 1440 1074 1481 peccare
1099 1441 1284 1481 parares,

313 1497 396 1523 non
422 1490 587 1538 tegeres
612 1482 751 1524 vultus
779 1482 952 1532 cortice,
978 1482 1177 1537 LMyrrha,
1203 1489 1310 1523 tuos.

254 1539 341 1580 vidi
367 1554 466 1595 ego,
492 1539 606 1593 quod
631 1539 768 1580 fuerat
792 1539 928 1594 primo
954 1539 1161 1588 sanabile,
1188 1540 1341 1580 vulnus

312 1596 487 1637 dilatum
512 1597 665 1652 longae
691 1596 845 1637 damna
869 1596 1014 1638 tulisse
1039 1610 1193 1637 morae.

255 1653 329 1695 sed
354 1653 454 1707 quia
478 1653 656 1695 delectat
681 1652 861 1695 Veneris
888 1653 1112 1708 decerpere
1137 1652 1336 1702 fructum,

313 1710 491 1752 dicimus
517 1710 692 1751 adsidue
719 1714 830 1751 ‘cras
857 1724 1027 1764 quoque
1053 1710 1124 1751 fiet
1147 1709 1288 1751 idem.’

254 1767 415 1810 interea
440 1767 593 1809 tacitae
619 1774 792 1822 serpunt
816 1767 859 1808 in
885 1766 1047 1809 viscera
1070 1767 1278 1815 flammae,

312 1833 350 1866 et
376 1824 488 1866 mala
512 1824 675 1866 radices
702 1824 824 1865 altius
851 1824 976 1865 arbor
1001 1823 1100 1878 agit.

255 1881 288 1921 si
314 1890 455 1923 tamen
480 1881 626 1922 auxilii
651 1880 864 1936 perierunt
890 1888 1080 1935 tempora
1104 1880 1228 1935 primi

313 1946 351 1980 et
378 1946 498 1980 vetus
524 1939 566 1978 in
592 1944 714 1992 capto
739 1945 907 1992 pectore
933 1937 1039 1979 sedit
1065 1951 1196 1986 amor,

254 1995 389 2036 maius
415 2009 519 2049 opus
546 2001 747 2048 superest.
809 1994 882 2034 sed
907 2007 1010 2041 non,
1037 1994 1136 2047 quia
1161 1993 1290 2035 serior
1316 2007 1443 2048 aegro

313 2051 508 2100 advocor,
534 2051 603 2092 ille
628 2050 732 2090 mihi
757 2050 1046 2091 destituendus
1073 2050 1163 2091 erit.

254 2123 380 2163 quam
406 2109 544 2149 laesus
569 2107 708 2149 fuerat
731 2114 894 2162 partem
918 2106 1150 2148 Poeantius
1175 2106 1312 2156 heros,

312 2166 442 2206 altera
468 2164 673 2206 debuerat
696 2163 983 2218 praesecuisse
1009 2178 1172 2205 manus.

255 2230 347 2277 post
375 2230 515 2262 tamen
540 2220 607 2262 hic
633 2221 787 2262 multos
813 2228 984 2262 sanatus
1011 2220 1194 2262 creditur
1220 2235 1351 2261 annos

313 2293 553 2334 supremam
578 2277 734 2319 bellis
723 2277 974 2333 imposuisse
1000 2292 1186 2318 manum.

254 2337 325 2391 qui
352 2335 477 2376 modo
502 2334 713 2377 nascentis
738 2334 1018 2390 properabam
1042 2334 1198 2389 pellere
1224 2333 1409 2384 morbos,

310 2393 515 2434 admoveo
540 2392 704 2433 tardam
728 2406 840 2433 nunc
866 2391 942 2432 tibi
966 2392 1104 2433 lentus
1129 2405 1264 2446 opem.
1289 2414 1347 2421 ——

255 2460 324 2491 aut
351 2464 480 2498 nova,
507 2449 541 2490 si
566 2449 722 2505 possis,
748 2448 895 2490 sedare
920 2448 1113 2489 incendia
1137 2456 1331 2503 temptes,

311 2515 381 2548 aut
408 2506 481 2547 ubi
507 2521 581 2561 per
605 2506 714 2548 vires
739 2505 1002 2561 procubuere
1027 2520 1138 2546 suas.

255 2578 350 2605 cum
376 2563 494 2604 furor
518 2563 559 2604 in
586 2578 711 2605 cursu
737 2570 817 2612 est,
844 2562 1026 2604 currenti
1051 2562 1153 2604 cede
1179 2561 1329 2603 furori:

311 2620 502 2662 difficiles
529 2620 667 2662 aditus
691 2620 874 2674 impetus
900 2619 1035 2660 omnis
1060 2618 1200 2660 habet.

255 2678 425 2726 stultus,
451 2677 505 2717 ab
531 2677 669 2718 oblico
695 2677 767 2731 qui
793 2691 888 2717 cum
915 2675 1169 2718 descendere
1193 2675 1339 2730 possit,

311 2741 473 2788 pugnat
498 2734 541 2774 in
566 2734 764 2775 adversas
788 2733 849 2774 ire
872 2740 1039 2774 natator
1062 2746 1207 2786 aquas.

254 2790 478 2846 impatiens
504 2790 667 2834 animus
692 2804 770 2832 nec
796 2789 935 2831 adhuc
960 2789 1188 2831 tractabilis
1215 2796 1303 2830 arte
