1831 3168
283 223 364 266 138
733 233 773 265 Ρ.
803 232 947 267 OVlDI
974 231 1190 268 NASONIS

280 329 412 370 prona
439 314 513 355 tibi
540 313 649 354 vinci
676 313 914 368 cupientem
941 313 1107 355 vincere
1133 313 1274 368 palma
1300 323 1380 356 est:

339 371 388 411 sit
415 371 539 411 modo
566 374 668 410 ‘non
695 370 794 411 feei’
821 370 958 412 dicere
983 370 1130 425 lingua
1154 385 1327 412 memor.

281 443 376 469 euin
403 426 477 467 tibi
503 427 719 481 contingat
744 426 882 468 verbis
909 442 1107 482 superare
1133 426 1312 476 duobus,

211 499 254 528 :30
338 483 412 525 etsi
439 498 522 524 non
548 497 694 532 causa,
720 483 857 525 iudice
884 483 1004 526 vince
1030 491 1116 525 tuo.

915 585 1004 627 XV

280 654 450 706 Quaere
476 669 632 695 novum
659 662 818 703 vatem,
845 662 1083 695 tenerorum
1111 661 1244 695 mater
1269 654 1500 697 Amorum:

335 710 496 751 raditur
520 711 588 752 liic
614 710 742 766 elegis
769 710 916 752 ultima
940 720 1052 753 meta
1077 711 1200 760 nieis3

279 782 385 821 quos
412 782 490 822 ego
517 768 741 822 conposui,
767 767 963 823 Paeligni
988 767 1096 809 ruris
1122 768 1317 809 alumnus

335 824 432 878 (nec
458 840 524 866 ine
551 824 725 866 deliciae
751 824 985 866 dedecuere
1011 827 1161 879 meae),

233 896 251 925 5
280 881 417 936 siquid
441 881 484 922 id
510 890 590 931 est,
616 895 750 935 usque
777 897 801 922 a
825 882 992 936 proavis
1019 889 1138 923 vetus
1165 881 1320 923 ordinis
1346 881 1484 932 heres,

334 953 418 979 non
443 939 569 979 niodo
595 938 765 980 militiae
790 938 957 979 turbine
982 938 1119 980 factus
1145 952 1287 992 eques.

277 994 459 1036 Mantua
483 995 674 1050 Vergilio
700 995 877 1050 gaudet,
903 995 1074 1037 Verona
1100 994 1288 1037 Catullo:

334 1051 566 1107 Paelignae
593 1053 708 1094 dicar
733 1052 868 1107 gloria
892 1053 1030 1107 gentis
1056 1066 1148 1107 ego,

278 1124 404 1163 quam
432 1124 508 1150 sua
532 1109 703 1151 libertas
730 1109 783 1150 ad
809 1109 985 1150 honesta
1011 1117 1208 1164 coegerat
1233 1125 1362 1159 arma,

211 1179 252 1209 10
335 1180 431 1207 cum
457 1166 593 1207 timuit
620 1166 754 1207 socias
780 1166 905 1207 anxia
930 1166 1067 1207 Roma
1091 1181 1253 1207 manus.

278 1230 403 1276 atque
429 1223 579 1276 aliquis
605 1232 800 1278 spectans
826 1223 977 1278 hospes
1005 1222 1220 1265 Sulmonis
1246 1223 1393 1278 aquosi

334 1280 518 1329 moenia,
545 1295 654 1334 quae
680 1279 817 1334 campi
842 1280 990 1335 iugera
1014 1294 1150 1335 pauca
1175 1287 1330 1329 tenent,

279 1340 407 1390 ‘quae
433 1337 617 1378 tantuin’
644 1337 754 1378 dicat
781 1337 995 1391 ‘potuistis
1021 1337 1129 1378 feire
1155 1344 1338 1391 poetam,

334 1394 721 1447 quantulacumque
747 1394 865 1442 estis,
892 1408 966 1434 vos
993 1408 1072 1449 ego
1097 1408 1253 1448 magna
1278 1393 1411 1435 voco?

211 1464 250 1493 15
279 1450 389 1492 culte
414 1465 532 1505 puel,
559 1451 763 1505 puerique
788 1465 940 1505 palens
966 1450 1222 1491 Amathusia
1247 1451 1361 1500 culti,

338 1522 465 1548 autea
491 1507 542 1548 de
568 1522 717 1562 campo
743 1507 882 1548 vellite
909 1507 1029 1562 signa
1053 1521 1161 1548 meo.

279 1564 472 1620 coiniger
495 1564 703 1619 inclepuit
727 1564 922 1619 thyrsoo
899 1564 1090 1605 triaviore
1116 1563 1307 1619 Lyaeus:

333 1621 543 1675 pulsanda
568 1630 629 1662 est
652 1621 818 1675 magnis
845 1636 891 1662 111
894 1636 943 1662 ea
967 1620 1100 1662 maior
1125 1620 1257 1674 equis.

276 1678 465 1719 imbelles
492 1678 619 1733 elegi,
645 1678 821 1734 genialis
846 1678 996 1728 Musa,
1021 1678 1172 1727 valete,

209 1748 251 1778 20
333 1742 426 1790 post
452 1750 547 1777 mea
570 1750 816 1777 mansuium
842 1735 930 1776 fata
956 1742 1166 1790 supelstes
1193 1733 1318 1790 opus!
