1831 3168
327 200 383 243 60
786 208 830 242 Ρ.
858 207 1004 244 OVIDI
1029 206 1247 243 NASONIS

238 306 301 336 110
383 291 558 333 invitam
585 290 644 331 sic
669 304 736 331 me
761 304 839 332 nec
863 289 1088 331 Menelaus
1114 289 1254 331 habet.

328 347 470 390 desine
496 347 641 396 molle,
668 361 830 402 precor,
856 347 996 388 verbis
1023 347 1257 388 convellere
1283 353 1445 401 pectus,

382 420 489 446 neve
514 403 637 453 mihi,
663 418 791 457 quam
817 411 857 445 te
884 403 988 444 dicis
1014 418 1175 452 amare,
1201 417 1327 445 noce:

327 461 400 503 sed
427 461 535 510 sine,
561 474 690 513 quarn
716 460 861 501 tribuit
887 468 1041 502 sortem
1067 461 1258 509 fortuna,
1286 460 1408 510 tucri,

382 532 461 559 nec
486 517 669 572 spolium
694 517 826 558 nostri
852 524 972 573 turpe
999 517 1171 572 pudoris
1197 517 1320 558 habe.

237 590 299 620 115
326 583 367 616 at
395 575 540 616 Venus
565 574 645 615 1100
670 582 795 630 pacta
820 581 901 623 est,
929 581 969 616 et
994 575 1036 615 in
1061 575 1169 616 altae
1195 574 1375 615 vallibus
1401 574 1503 617 Idae

383 639 466 673 tres
492 630 568 672 tibi
594 646 638 673 se
665 631 802 673 nudas
828 631 1058 674 exhibuere
1084 631 1207 673 deae:

326 702 495 741 unaque
521 702 616 729 cum
642 703 841 743 regnum,
868 688 966 730 belli
992 689 1110 730 daret
1135 688 1266 730 altera
1291 687 1474 738 laudem,

384 745 661 800 ‘Tyndaridis
687 745 890 787 coniunx’
917 746 1040 788 tertia
1066 745 1172 786 dixit
1197 745 1344 787 ‘eris'?

327 802 497 844 credere
522 802 591 843 vix
617 802 812 857 equidem
839 803 1037 844 caelestia
1062 816 1239 858 corpora
1263 816 1435 857 possum

237 873 301 904 120
384 858 556 900 arbitrio
582 858 763 900 formam
788 859 1060 915 subposuisse
1087 867 1172 900 tuo.

325 922 455 969 utque
481 916 534 957 sit
559 915 639 957 hoc
664 931 831 966 verum,
858 924 970 958 certe
996 931 1093 971 pars
1119 916 1252 957 altera
1276 915 1373 957 ficta
1399 923 1475 964 est,

382 973 526 1014 iudicii
550 973 733 1028 pretium
760 988 844 1027 qua
870 973 968 1014 data
994 973 1111 1014 dicor
1137 987 1230 1027 ego.

325 1043 410 1070 non
435 1037 499 1071 est
523 1037 640 1071 tanta
664 1030 766 1071 mihi
791 1030 946 1071 fiducia
971 1029 1178 1085 eorporis,
1205 1036 1251 1070 ut
1278 1044 1345 1071 me

382 1087 566 1128 maxima
591 1094 696 1128 teste
722 1087 802 1128 dea
827 1087 938 1128 dona
963 1086 1093 1127 fuisse
1119 1094 1279 1141 putem.

235 1157 299 1188 125
325 1151 522 1185 contenta
546 1150 609 1185 est
634 1144 766 1185 oculis
791 1143 1009 1185 hominum
1034 1158 1129 1185 mea
1154 1143 1291 1184 forma
1316 1142 1504 1198 probari:

381 1200 766 1245 laudatrix-Venus
793 1208 855 1242 est
878 1201 1087 1242 invidiosa
1112 1200 1228 1241 mihi.

324 1257 400 1299 sed
425 1257 529 1298 nihil
553 1257 738 1298 infirmo:
765 1257 888 1300 faveo
914 1272 1083 1312 quoque
1109 1257 1306 1298 laudibus
1332 1256 1442 1306 istis3

382 1330 482 1355 nam
505 1329 601 1356 mea
626 1329 709 1356 vox
735 1329 885 1380 quale,
912 1315 1027 1369 quod
1053 1314 1188 1369 cupit,
1216 1329 1307 1356 esse
1332 1314 1486 1369 neget?

324 1386 403 1413 nec
427 1379 473 1412 tu
500 1385 718 1421 suscense,
743 1371 920 1413 nimium
946 1371 1048 1412 mihi
1074 1371 1257 1413 creditus
1283 1385 1428 1426 aegre.

235 1443 300 1474 130
383 1428 503 1469 11111111
528 1428 634 1470 solet
659 1429 825 1483 magnis
850 1429 1013 1470 r'ebus
1002 1443 1140 1470 messe
1166 1428 1284 1470 fides.

324 1484 461 1540 prima
485 1500 581 1526 mea
605 1493 668 1527 est
692 1486 822 1541 igitur
845 1486 1004 1528 Veneri
1030 1485 1238 1540 placuisse
1264 1485 1479 1541 voluptas:

381 1542 593 1596 proxima,
619 1557 687 1584 me
713 1542 847 1583 visam
871 1542 1060 1597 praemia
1086 1558 1251 1583 summa
1276 1542 1371 1592 tibi,

324 1613 402 1640 nec
428 1606 468 1640 te
494 1598 730 1649 Palladios,
754 1614 833 1641 nec
858 1607 899 1640 te
924 1599 1099 1640 Iunonis
1125 1598 1304 1640 honores

382 1655 535 1697 auditis
561 1656 754 1698 Helenae
780 1656 1074 1712 praeposuisse
1101 1656 1235 1697 bonis.

235 1729 297 1760 135
324 1727 424 1767 0130
451 1727 531 1768 030
557 1728 651 1754 sum
675 1714 829 1764 virtus,
855 1728 936 1769 ego
962 1728 1055 1754 sum
1081 1713 1158 1754 tibi
1182 1713 1322 1754 nobile
1348 1712 1554 1769 legnum'?

381 1770 519 1811 ferrea
544 1770 641 1819 sim,
667 1770 701 1811 si
726 1785 811 1811 non
837 1770 917 1812 hoc
942 1785 1021 1825 030
1047 1777 1194 1826 pectus
1220 1785 1371 1812 amem.

324 1825 480 1876 ferrea,
507 1827 629 1868 clede
655 1827 775 1876 mihi,
801 1842 886 1868 non
911 1843 1017 1868 sum.
1079 1827 1153 1868 sed
1179 1842 1320 1868 amare
1345 1840 1537 1882 repugno

381 1883 520 1932 illum,
547 1898 675 1937 quem
699 1884 789 1925 fieri
814 1885 886 1925 xix
911 1891 1013 1939 puto
1040 1898 1162 1938 posse
1188 1898 1343 1925 meum.

324 1940 427 1994 quid
454 1939 645 1981 bibulum
672 1955 801 1981 curvo
826 1941 1095 1996 proscindere
1119 1941 1218 1981 litus
1244 1951 1382 1981 aratro

235 2012 299 2042 140
382 2011 585 2051 spemque
612 1997 731 2051 sequi
757 2012 895 2047 coner,
923 2012 1051 2052 quam
1075 1997 1193 2038 loeus
1218 1997 1308 2052 ipse
1334 1997 1489 2052 negat?

325 2069 418 2094 suin
444 2054 559 2094 rudis
585 2054 640 2095 ad
665 2055 843 2097 Veneris
869 2054 1049 2104 furtum,
1075 2054 1276 2108 nullaque
1302 2054 1469 2095 fidelem
1493 2078 1548 2083 —

382 2110 423 2151 di
450 2110 551 2151 mihi
577 2119 675 2152 sunt
698 2119 826 2153 testes
851 2136 909 2141 ——-
932 2111 1109 2152 lusimus
1136 2119 1225 2152 arte
1252 2111 1402 2152 virum.

323 2182 437 2209 nunc
462 2181 651 2222 quoque,
678 2169 792 2222 quod
819 2168 944 2210 tacito
970 2168 1124 2209 mando
1149 2183 1245 2209 mea
1270 2168 1401 2210 verba
1425 2168 1580 2217 libello,

380 2224 572 2280 fungitur
597 2225 737 2267 officio
762 2226 900 2268 littera
924 2233 1068 2267 nostra
1092 2240 1216 2267 novo.

235 2296 297 2326 145
324 2281 487 2331 felices,
515 2282 669 2335 quibus
695 2297 797 2324 usus
824 2281 960 2324 adest!
1001 2297 1081 2338 ego
1106 2282 1250 2324 nescia
1274 2297 1416 2324 rerum

381 2338 598 2380 difficilem
623 2340 772 2395 culpae
798 2340 987 2395 suspicor
1012 2354 1104 2381 esse
1130 2339 1255 2380 viam.

323 2395 413 2450 ipse
439 2396 550 2437 malo
576 2404 712 2438 metus
737 2404 812 2438 est.
873 2398 958 2438 iam
982 2411 1095 2438 nunc
1121 2395 1371 2446 confundor,
1398 2403 1437 2438 et
1464 2410 1610 2438 omnes

381 2453 425 2493 in
448 2453 601 2494 nostris
628 2454 772 2495 oculos
798 2454 981 2496 voltibus
1007 2469 1098 2496 esse
1124 2468 1230 2495 reor.

324 2524 401 2550 nec
426 2524 520 2550 reor
544 2509 624 2552 hoc
649 2511 774 2552 falso:
801 2511 913 2554 sensi
939 2511 1050 2552 mala
1075 2526 1292 2552 murmura
1318 2510 1449 2566 vulgi,

236 2580 299 2610 150
382 2573 423 2606 et
447 2567 652 2619 quasdam
679 2583 803 2610 voces
827 2568 988 2610 rettulit
1012 2568 1177 2610 Aethra
1202 2568 1316 2609 mihi.

325 2631 367 2663 at
393 2632 437 2663 tu
463 2623 700 2674 dissimula,
725 2625 806 2666 nisi
832 2625 866 2667 si
892 2625 1092 2667 desistere
1118 2625 1265 2666 11111118.

382 2679 456 2720 sed
481 2694 556 2720 eur
581 2681 782 2723 desistas?
814 2682 1078 2724 dissimulare
1104 2690 1237 2737 potes.

324 2736 441 2785 lude,
469 2736 542 2777 sed
568 2738 743 2780 occulte.
803 2739 955 2788 maior,
982 2753 1066 2780 non
1092 2738 1295 2788 maxima,
1320 2737 1442 2781 nobis
