1831 3168
317 234 538 271 AMORL'M
564 235 659 269 LlB.
687 235 734 270 11.
762 235 865 280 XVI,
892 234 1124 280 IT—XVIII,
1153 237 1206 270 14.

80 315 152 357 dat
179 315 307 357 facies
334 316 508 356 animos.
570 316 677 358 facie
704 316 886 358 violenta
912 314 1097 358 Corinna
1122 326 1197 358 est.

139 387 206 414 me
231 372 451 420 miserum,
478 387 552 413 cur
577 383 639 415 cst
665 383 749 414 tam
777 373 882 415 benc
907 383 1006 414 nota
1031 373 1135 415 sibi?

82 428 239 470 scilicet
264 443 290 469 a
314 429 474 483 speculi
499 438 724 471 sumuntur
748 430 817 470 im·
819 430 931 484 igine
957 430 1109 470 fastus:

138 499 216 526 nec
242 485 320 525 nisi
346 486 606 540 conpositam
633 502 675 528 sc
703 486 817 550 plius
843 487 913 527 illa
939 486 1064 527 videt.

82 556 167 582 non
192 541 267 582 tibi
293 541 327 582 si
352 542 480 583 facies
506 542 681 583 lumium
707 543 812 584 dz'tt
802 559 844 583 111
870 543 1011 584 omnia
1036 543 1167 597 tegni,
1193 566 1244 573 -

139 612 163 638 o
189 598 318 640 facies
344 599 486 639 oculos
512 609 610 640 nata
635 609 776 641 tenere
802 599 936 641 meos!
962 623 1018 628 ——

83 655 280 695 collatum
306 654 460 696 idcirco
486 656 561 696 tibi
586 671 652 698 me
678 665 943 697 contemnere
970 656 1116 697 debes:

140 711 274 766 aptrui
299 712 463 766 magnis
488 712 685 754 inferima
709 713 816 753 licet.

80 768 261 808 traditur
286 778 325 809 ct
350 768 535 823 nymphe
561 769 747 810 mortalis
773 782 912 809 amore
939 765 1127 823 Calypso

139 832 262 878 capta
286 833 550 866 recusantem
576 825 803 866 detinuisse
828 824 979 865 viium.

81 881 267 922 creditur
292 895 544 934 aequoream
568 881 724 922 Phthio
749 880 931 922 Nereida
956 880 1060 935 regi,

137 936 339 992 Egeriam
364 937 473 979 iusto
500 938 775 979 concubuisse
801 937 986 978 Numae:

80 994 272 1036 Volcano
298 994 528 1043 Venerem
554 994 745 1048 quamvis
771 993 922 1035 incude
946 993 1091 1035 lelicta

139 1050 315 1105 tuipitei
340 1050 510 1115 obliquo
537 1051 740 1093 claudicet
767 1050 836 1091 ille
861 1049 981 1105 pede.

81 1107 277 1149 carminis
303 1107 416 1149 hoc
407 1122 595 1163 1psum0
571 1122 704 1149 ‘renus
728 1107 881 1161 impa1:
909 1106 983 1148 sed
1008 1114 1149 1148 tamen
1175 1114 1271 1162 apte

138 1163 327 1219 iungitur
351 1164 504 1205 herous
529 1179 625 1205 cum
652 1164 839 1205 breviole
865 1163 1002 1204 modo

80 1227 127 1261 tu
152 1235 320 1274 quoque
345 1235 430 1269 me,
457 1236 551 1262 mea
574 1220 702 1268 lux,
691 1236 734 1260 m
759 1219 970 1273 quaslibet
995 1220 1138 1275 accipe
1164 1220 1299 1276 leges:

138 1285 178 1329 te
206 1277 351 1318 deceat
375 1277 512 1318 medio
538 1277 629 1318 iura
654 1277 817 1318 dedisse
843 1276 948 1318 foro.

80 1348 165 1375 non
190 1333 265 1374 tibi
291 1333 447 1374 crimen
472 1348 555 1382 ero,
581 1348 657 1375 nec
682 1347 766 1386 quo
791 1334 945 1375 laetere
970 1342 1143 1375 remoto.

139 1405 224 1432 non
250 1390 328 1432 erit
352 1389 419 1431 hic
443 1390 564 1432 nobis
590 1390 832 1431 infitiandus
859 1405 988 1431 amor.

83 1455 180 1488 sunt
205 1446 308 1487 mihi
333 1462 408 1502 pro
433 1462 588 1502 magno
614 1447 752 1489 felicia
777 1447 962 1488 carmina
988 1461 1130 1496 censu,

141 1511 181 1545 et
204 1504 362 1544 multae
387 1519 462 1558 per
485 1519 552 1545 me
577 1519 731 1545 nomen
755 1504 911 1546 habere
937 1504 1095 1544 volunt.

82 1560 181 1601 novi
207 1560 409 1614 aliquam,
436 1575 544 1614 quae
570 1576 613 1602 se
639 1560 904 1603 circumferat
931 1575 1020 1601 esse
1048 1559 1292 1602 Corinnam.

140 1624 184 1657 ut
210 1616 303 1665 fiat,
329 1617 432 1670 quid
457 1631 540 1657 non
564 1617 634 1658 illa
660 1617 825 1658 dedisse
850 1617 976 1658 velit?

82 1673 158 1714 sed
181 1688 318 1727 neque
345 1672 497 1714 diversi
522 1674 613 1728 ripa
637 1673 837 1714 labuntur
862 1673 1010 1714 eadem

140 1729 320 1784 frigidus
346 1728 528 1771 Eurotas
552 1730 846 1785 populiferque
871 1730 1030 1778 Padus,

83 1801 174 1835 nec,
200 1786 279 1826 nisi
306 1795 370 1834 tu,
396 1787 547 1827 nostris
574 1787 812 1828 cantabitur
836 1787 922 1827 ulla
946 1786 1116 1828 libellis:

140 1843 310 1898 ingenio
337 1857 485 1884 causas
512 1852 557 1884 tu
583 1843 702 1884 dabis
727 1858 812 1884 una
836 1857 943 1884 meo.

678 1943 852 1986 XVIII.

83 2010 269 2054 Carmen
294 2012 348 2054 ad
372 2012 526 2053 iratum
552 2012 653 2054 dum
679 2022 723 2053 tu
748 2012 944 2068 perducis
969 2013 1168 2055 Achillen

139 2070 358 2124 primaque
384 2070 530 2110 iuratis
554 2069 695 2110 induis
720 2085 836 2111 arma
861 2070 974 2119 viris,

82 2140 178 2174 nos,
203 2126 365 2175 Macer,
390 2126 546 2181 ignava
569 2126 748 2168 Veneris
773 2141 985 2168 cessamus
1010 2127 1053 2167 in
1078 2127 1240 2175 umbra,

141 2189 181 2223 et
205 2190 322 2224 tener
347 2197 524 2223 ausuros
548 2183 725 2238 grandia
751 2183 909 2238 frangit
933 2184 1080 2224 Amor.

83 2253 209 2293 saepe
234 2253 354 2280 meae
380 2239 588 2280 ‘tandem’
615 2239 702 2279 dixi
728 2240 932 2281 ‘discede'
959 2240 1143 2294 puellae:

141 2295 185 2335 in
208 2295 370 2350 gremio
396 2295 501 2336 sedit
526 2296 716 2350 protinus
741 2296 812 2337 illa
836 2310 943 2337 meo.

84 2366 211 2406 saepe
238 2351 403 2406 ‘pudet’
431 2351 531 2392 dixi.
590 2352 771 2393 lacrimis
797 2352 868 2392 vix
892 2353 963 2393 illa
987 2352 1156 2394 retentis

144 2412 230 2449 ‘me
255 2408 469 2456 miseram,
494 2408 578 2448 iam
603 2408 662 2449 te’
689 2408 829 2449 dixit‘
839 2423 978 2450 amare
1004 2409 1179 2463 pudet?'

85 2465 375 2519 implicuitque
401 2478 499 2505 suos
525 2464 682 2506 circum
707 2479 801 2506 mea
826 2466 933 2506 colla
957 2466 1134 2506 lacertos

145 2529 204 2570 et,
231 2535 339 2575 quae
365 2535 432 2562 me
456 2521 657 2575 perdunt,
683 2521 827 2562 oscula
850 2522 962 2563 mille
989 2521 1115 2563 dedit.

87 2577 246 2626 vincor,
273 2585 313 2619 et
337 2577 554 2633 ingenium
579 2578 756 2633 sumptis
782 2586 1003 2620 revocatur
1028 2578 1081 2619 ab
1107 2579 1247 2629 armis,

145 2649 295 2688 resque
321 2634 434 2675 domi
458 2642 598 2689 gestas
625 2643 665 2676 et
690 2649 783 2676 mea
809 2634 919 2676 bella
943 2649 1060 2676 cano,

88 2698 253 2745 sceptra
277 2699 417 2732 tamen
442 2691 621 2746 sumpsi,
648 2705 832 2745 curaque
856 2692 1073 2747 tragoedia
1096 2700 1238 2734 nostra

148 2747 296 2797 crevit,
322 2755 361 2789 et
386 2747 482 2789 huic
509 2748 623 2803 operi
647 2748 879 2803 quamlibet
903 2756 1026 2804 aptus
1051 2764 1178 2792 eram.

1184 2816 1227 2851 8·

1477 500 1519 530 10

1476 782 1516 812 15

1476 1631 1518 1662 30

1481 2537 1523 2568 10
