1831 3168
369 274 642 312 HEROIDUM
669 275 734 310 IX.
762 275 953 310 118-168.
978 275 1025 309 X.
1052 275 1176 311 1-35.

149 356 252 399 ‘hic'
280 356 384 398 dixit
410 357 539 398 ‘vires
566 356 738 412 sanguis
765 356 917 398 amoris
943 356 1098 398 habet?

89 414 209 456 inlita
233 413 395 455 Nesseo
420 414 515 454 misi
541 413 616 454 tibi
642 422 757 455 texta
781 428 958 455 veneno.

147 470 276 526 impia
301 470 403 524 quid
429 470 596 511 dubitas
623 470 828 512 De'i‘anira
851 470 983 512 mori?

89 527 259 582 iamque
285 528 396 576 vale,
423 527 646 581 seniorque
671 536 790 582 pater
813 541 1101 581 germanaque
1127 525 1288 582 Gorge,

149 592 190 626 et
214 585 350 639 patria
375 592 416 626 et
440 584 601 639 patriae
626 584 756 625 frater
781 585 976 639 adempte
1001 591 1113 633 tuae,

94 649 135 684 et
159 649 204 682 tu
229 642 303 682 lux
329 641 459 682 oculis
486 640 689 681 hodierna
713 641 942 681 novissima
966 641 1132 689 nostris,

150 698 317 751 virque,
342 721 398 726 ——
423 696 496 738 sed
522 710 545 737 o
570 696 725 751 possis!
750 718 808 726 -—
833 704 873 738 et
897 712 1003 752 puer
1027 698 1176 751 Hylle,
1202 696 1314 738 vale!

750 797 812 838 X.

93 866 242 909 Mitius
266 865 408 907 inveni
433 880 561 919 quam
586 872 627 907 te
653 879 787 920 genus
815 879 938 906 omne
964 864 1171 906 ferarum:

151 923 309 965 credita
332 937 417 963 non
441 922 516 963 ulli
540 936 668 976 quam
694 922 770 963 tibi
797 922 918 976 peius
944 936 1073 963 eram.

93 994 203 1034 quae
227 979 354 1035 legis,
381 994 433 1020 ex
458 979 548 1028 illo,
574 978 764 1028 Theseu,
790 979 866 1019 tibi
889 979 1010 1020 litore
1035 978 1171 1028 mitto,

149 1036 261 1078 unde
287 1045 404 1077 tuam
431 1036 519 1077 sine
546 1050 612 1077 me
637 1036 732 1077 vela
757 1035 890 1077 tulere
915 1043 1068 1076 ratem:

92 1093 135 1134 in
162 1107 245 1147 quo
271 1108 338 1134 me
363 1101 766 1146 somnusque‘meus
792 1093 901 1133 male
927 1092 1111 1147 prodidit
1137 1099 1178 1134 et
1201 1099 1262 1142 tu,

149 1165 226 1205 per
250 1149 414 1191 facinus
440 1150 596 1191 somnis
620 1149 814 1190 insidiate
840 1149 958 1190 meis.

91 1213 258 1262 tempus
285 1214 393 1256 erat,
417 1207 550 1248 vitrea
576 1220 660 1260 quo
685 1206 867 1261 primum
893 1213 1004 1247 terra
1028 1206 1181 1260 pruina

151 1264 365 1319 spargitur
389 1271 430 1304 et
455 1270 590 1305 tectae
615 1263 764 1304 fronde
790 1271 1024 1316 queruntur
1049 1277 1168 1303 aves:

92 1319 299 1363 incertum
324 1319 505 1375 vigilans
530 1335 584 1361 an
610 1334 756 1361 somno
780 1320 1003 1375 languida,
1028 1320 1143 1360 movi

149 1376 318 1419 Thesea
341 1392 567 1432 prensuras
593 1377 852 1431 semisupina
876 1392 1046 1418 manus:

92 1434 233 1476 nullus
259 1442 360 1476 erat.
419 1434 641 1487 referoque
665 1449 837 1483 manus,
862 1434 1099 1488 iterumque
1124 1440 1346 1489 retempto,

149 1505 308 1546 perque
333 1498 472 1531 torum
496 1505 648 1532 moveo
673 1490 889 1532 bracchia:
915 1491 1057 1532 nullus
1083 1498 1186 1532 erat.

96 1562 317 1590 excussere
342 1555 480 1589 metus
504 1562 719 1597 somnum,
746 1547 972 1589 conterrita
995 1561 1137 1602 surgo,

152 1604 426 1657 membraque
453 1612 551 1645 sunt
575 1604 704 1645 viduo
730 1604 1005 1658 praecipitata
1029 1612 1135 1644 toro.

95 1661 286 1716 protinus
311 1661 504 1701 adductis
530 1669 759 1701 sonuerunt
785 1669 956 1715 pectora
979 1660 1146 1715 palmis,

154 1726 285 1772 utque
311 1726 400 1758 erat
425 1732 447 1758 e
473 1731 619 1758 somno
645 1717 832 1765 turbida,
858 1725 979 1772 rapta
1004 1731 1125 1758 coma
1151 1723 1226 1758 est.

97 1775 199 1816 luna
223 1774 322 1815 fuit:
349 1783 511 1829 specto,
537 1774 679 1827 siquid
703 1774 782 1814 nisi
807 1774 928 1814 litora
953 1788 1141 1814 cernam:

154 1831 267 1885 quod
293 1831 464 1871 videant
489 1831 618 1879 oculi,
645 1831 703 1871 nil
728 1830 808 1871 nisi
832 1831 930 1871 litus
955 1830 1126 1871 habent.

95 1902 210 1930 nunc
234 1887 317 1929 huc
342 1902 454 1928 nunc
478 1887 579 1928 illuc
604 1895 644 1928 et
669 1895 848 1940 utroque
874 1887 963 1928 sine
989 1887 1134 1928 ordine
1161 1901 1302 1928 curro:

153 1945 238 1986 alta
262 1944 470 1999 puellares
496 1944 635 1984 tardat
659 1943 817 1985 harena
841 1944 986 1998 pedes.

97 2001 257 2043 interea
282 2010 370 2042 toto
396 2000 594 2042 clamanti
618 2000 738 2042 litore
765 1999 995 2042 ‘Theseu3'

153 2058 387 2101 reddebant
409 2072 563 2099 nomen
590 2072 776 2099 concava
801 2072 904 2098 saxa
928 2066 1063 2106 tuum,

97 2122 140 2157 et
165 2115 358 2169 quotiens
384 2129 464 2170 ego
489 2122 548 2164 te,
574 2115 727 2156 totiens
752 2115 870 2155 locus
895 2114 986 2169 ipse
1010 2113 1213 2155 vocabat:

156 2173 246 2227 ipse
270 2173 386 2213 locus
412 2171 589 2213 miserae
614 2171 724 2213 ferre
749 2171 919 2212 volebat
944 2185 1081 2226 opem.

98 2244 219 2270 mons
244 2228 342 2269 fuit:
369 2236 574 2283 apparent
598 2228 771 2270 frutices
796 2228 840 2269 in
865 2228 1022 2269 vertice
1047 2227 1128 2268 rari
1138 2243 1149 2276 ;

157 2285 255 2327 hinc
280 2286 478 2340 scopulus
504 2285 643 2326 raucis
668 2285 824 2339 pendet
849 2285 1002 2326 adesus
1028 2284 1167 2337 aquis:

62 2346 65 2349 “
101 2342 283 2384 ascendo
308 2342 438 2395 (vires
465 2342 629 2383 animus
656 2342 804 2396 dabat)
831 2349 958 2394 atque
983 2341 1042 2381 ita
1068 2341 1150 2381 late

159 2413 343 2452 aequora
366 2406 591 2453 prospectu
616 2399 765 2439 metior
790 2399 874 2439 alta
898 2412 1007 2438 meo.

1404 265 1459 307 33

1491 539 1554 571 165

1404 877 1558 911 Ariadne

1421 923 1556 956 Theseo.

1496 1391 1538 1421 10

1497 1674 1537 1704 15

1498 1958 1542 1988 ‘20

101 2456 200 2497 inde
226 2469 305 2509 ego
328 2478 387 2484 —-
409 2470 508 2495 nam
533 2455 668 2495 ventis
694 2468 863 2507 quoque
889 2469 982 2494 sum
1008 2452 1249 2494 crudelibus
1276 2467 1354 2494 usa
1377 2476 1435 2482 -—-

160 2489 276 2552 vidit>
271 2511 491 2565 praecipiti
515 2511 690 2552 carbasa
714 2520 829 2552 tenta
853 2519 965 2550 noto.

104 2576 179 2610 aut
201 2568 307 2617 vidi,
333 2575 406 2608 aut
431 2576 645 2621 tamquam
672 2581 780 2620 quae
805 2581 872 2607 me
897 2566 1053 2608 vidisse
1078 2573 1291 2621 putarem,

163 2599 356 2680 frigidior
379 2624 514 2679 glacie
540 2623 881 2688 semianimisque
906 2623 981 2664 fui.

103 2696 184 2724 nec
207 2682 408 2736 languere
433 2681 506 2721 diu
529 2680 687 2738 patitur
712 2680 842 2722 dolor,
903 2680 1062 2721 excitor
1086 2680 1171 2726 illo,

165 2738 326 2780 excitor
350 2745 392 2779 et
417 2753 583 2779 summa
607 2737 775 2779 Thesea
800 2750 904 2778 voce
930 2751 1049 2778 voco.

108 2799 212 2850 ‘quo
236 2795 394 2850 fugis?
421 2795 610 2837 exclamo
637 2794 856 2837 ‘scelerate
882 2802 1090 2836 revertere
1115 2793 1300 2844 Theseu,

179 2862 256 2890 Ovidi
268 2863 315 2888 rol.
330 2861 354 2887 Ι.
1228 2860 1250 2894 3

1502 2523 1544 2553 30

1503 2807 1549 2837 85
