1831 3168
351 217 408 259 62
808 228 850 262 Ρ.
878 227 1024 264 OVIDI
1050 227 1266 264 NASONIS

408 323 629 362 quaerere,
656 309 690 350 si
715 309 871 360 nescis,
898 310 1081 351 maxima
1106 324 1207 351 cura
1231 309 1324 351 suit.

352 366 460 407 adde
486 365 618 420 quod,
644 373 692 407 ut
716 366 862 422 cupias
889 374 1085 408 constans
1110 367 1153 407 in
1179 381 1321 408 amore
1347 370 1538 418 manere,'

257 435 325 465 200
407 436 491 462 non
517 430 656 477 potes:
683 423 915 478 expediunt
939 424 1023 464 iam
1048 432 1121 464 tua
1146 423 1241 465 vela
1265 423 1474 480 Phryges.

350 478 450 519 dum
477 479 661 533 loqueris
687 494 873 530 mecum,
900 480 1001 521 dum
1026 495 1111 521 nox
1136 487 1304 535 sperata
1329 491 1512 536 paratur,

406 535 478 589 qui
503 535 611 577 ferat
635 536 679 578 in
704 537 883 592 patriam
910 537 994 578 iam
1019 537 1095 578 tibi
1120 544 1270 578 ventus
1297 538 1386 579 erit.

349 592 541 633 cursibus
567 593 609 634 in
634 593 783 635 mediis
809 593 1006 635 novitatis
1033 594 1156 650 plena
1182 594 1391 648 relinques

404 649 580 704 gaudia:
608 663 705 691 cum
729 651 864 692 ventis
890 658 1031 693 noster
1056 651 1190 692 abibit
1215 665 1343 692 amor.

255 718 321 748 205
349 721 402 746 an
428 720 600 760 sequar,
627 714 674 748 ut
699 708 873 757 suades,
899 708 1154 762 laudataque
1179 707 1392 763 Pergama
1418 708 1566 759 visam,

403 777 613 818 pronurus
640 771 680 806 et
705 765 847 820 magni
873 765 1180 807 Laumedontis
1207 766 1303 806 ero?

346 833 431 860 non
456 821 515 862 ita
540 829 763 863 contemno
789 822 972 863 volucris
997 822 1222 877 praeconia
1247 821 1398 871 famae,

403 884 449 918 ut
474 877 638 932 probris
663 886 793 920 terras
819 879 992 934 impleat
1016 879 1088 920 illa
1112 878 1229 920 meis.

347 933 449 987 quid
476 934 528 976 de
553 949 620 976 me
645 936 797 991 poterit
826 934 1000 991 Sparte,
1027 936 1128 990 quid
1154 934 1320 975 Achata
1346 943 1446 985 tota,

253 1002 321 1033 210
404 991 506 1044 quid
531 999 679 1046 gentes
706 992 830 1041 aliae,
857 993 958 1046 quid
984 1000 1057 1033 tua
1081 991 1211 1032 Troia
1235 991 1376 1044 loqui?

345 1048 447 1101 quid
470 1047 668 1090 Priamus
695 1049 746 1091 de
771 1064 856 1097 me,
883 1049 1044 1090 Priami
1069 1048 1170 1102 quid
1197 1048 1345 1090 sentiet
1371 1062 1490 1097 uxor,

401 1111 546 1159 totque
571 1106 632 1146 tui
656 1105 806 1147 fratres
832 1105 1188 1159 Dardanidesque
1214 1105 1371 1146 nurus?

344 1167 389 1202 tu
415 1175 603 1216 quoque,
629 1163 702 1217 qui
727 1163 882 1218 poteris
908 1162 998 1204 fore
1023 1177 1090 1204 me
1118 1177 1286 1217 sperare
1312 1161 1493 1212 fidelem,

402 1226 442 1260 et
467 1233 551 1260 non
577 1220 781 1275 exemplis
807 1219 956 1261 anxius
983 1235 1073 1261 esse
1099 1219 1209 1260 tuis?

250 1286 316 1317 215
343 1275 602 1330 quicumque
628 1277 779 1318 Iliacos
804 1276 1022 1318 intraverit
1047 1276 1211 1318 advena
1236 1284 1395 1332 portuS,

399 1331 435 1373 is
461 1332 536 1373 tibi
561 1333 725 1375 solliciti
751 1349 879 1375 causa
903 1333 1061 1375 timoris
1089 1334 1177 1375 erit.

341 1388 432 1443 ipse
458 1389 559 1430 mihi
587 1390 781 1444 quotiens
807 1391 937 1431 iratus
965 1390 1193 1432 ‘adultera’
1221 1390 1348 1440 dices,

399 1446 554 1488 oblitus
580 1455 722 1488 nostro
749 1448 907 1489 crimen
931 1447 1068 1489 inesse
1094 1447 1240 1489 tuum?

342 1502 482 1544 delicti
507 1503 582 1545 fies
607 1504 718 1545 idem
744 1504 1021 1559 reprehensor
1046 1512 1085 1546 et
1111 1512 1270 1545 auctor.

247 1570 316 1601 220
398 1566 527 1609 terra,
553 1575 714 1615 precor,
742 1561 884 1602 vultus
910 1561 1060 1602 obruat
1087 1568 1182 1602 ante
1208 1560 1343 1602 meos!

340 1622 383 1656 at
407 1616 524 1657 fruar
548 1617 689 1658 Iliacis
715 1618 866 1672 opibus
893 1617 1094 1671 cultuque
1120 1617 1244 1660 beato

397 1672 594 1728 donaque
620 1674 837 1729 promissis
862 1674 1057 1716 uberiora
1081 1674 1242 1716 feram?

339 1743 530 1785 purpura
555 1746 707 1786 nempe
733 1731 834 1773 mihi
859 1731 1127 1787 pretiosaque
1153 1739 1268 1773 texta
1295 1731 1521 1782 dabuntur,

398 1795 686 1842 congestoque
712 1789 803 1829 auri
829 1789 1014 1843 pondere
1040 1789 1156 1830 dives
1184 1789 1280 1829 ero?

245 1854 312 1884 225
339 1842 393 1884 da
419 1844 586 1885 veniam
611 1845 768 1886 fassae:
795 1860 880 1886 non
906 1853 1004 1886 sunt
1030 1853 1104 1886 tua
1128 1860 1305 1886 munera
1330 1846 1455 1894 tanti3

395 1901 536 1941 nescio
562 1915 645 1955 quo
672 1902 795 1943 tellus
822 1917 888 1943 me
915 1909 1029 1943 tenet
1053 1902 1145 1957 ipsa
1169 1902 1308 1942 modo.
1439 1905 1442 1907 ’

338 1957 433 2010 quis
459 1957 580 2007 mihi,
607 1958 641 1998 si
665 1958 822 2007 laedar,
847 1958 1049 2013 Phrygiis
1075 1966 1290 2000 succurret
1316 1958 1358 1999 in
1387 1958 1496 2000 oris?

394 2014 507 2056 unde
532 2022 674 2068 petam
699 2015 869 2064 fratres,
894 2016 1006 2056 unde
1033 2016 1217 2070 parentis
1243 2015 1392 2070 opem?

338 2070 478 2112 omnia
503 2070 687 2113 BIedeae
712 2072 842 2113 fallax
867 2072 1059 2128 promisit
1084 2072 1228 2113 Iason:

244 2139 312 2170 230
394 2127 516 2182 pulsa
541 2135 602 2170 est
627 2129 816 2170 Aesonia
840 2145 943 2170 num
967 2129 1106 2170 minus
1132 2129 1203 2170 illa
1230 2128 1381 2169 domo?

336 2197 421 2224 non
447 2192 536 2226 erat
560 2185 740 2235 Aeetes,
766 2185 820 2227 ad
847 2200 971 2237 quem
998 2186 1196 2240 despecta
1220 2186 1389 2236 rediret,

393 2255 478 2282 non
504 2241 627 2297 Idyia
651 2257 803 2297 parens
831 2242 1147 2297 Chalciopeque
1172 2242 1307 2284 soror!

336 2297 419 2339 tale
445 2298 548 2339 nihil
573 2299 720 2340 timeo:
748 2299 822 2341 sed
846 2314 924 2341 nec
949 2299 1108 2341 Medea
1132 2299 1319 2341 timebat.

393 2353 555 2396 fallitur
579 2356 758 2411 augurio
784 2372 879 2412 spes
906 2357 1017 2398 bona
1042 2371 1167 2411 saepe
1194 2370 1282 2397 suo.

243 2424 309 2455 235
336 2411 531 2453 omnibus
557 2413 767 2463 invenies,
792 2428 902 2468 quae
928 2427 1041 2455 nunc
1066 2413 1276 2454 iactantur
1301 2413 1344 2454 in
1370 2412 1467 2462 alt0,

392 2469 573 2511 navibus
601 2485 625 2511 a
649 2478 774 2526 portu
798 2472 891 2512 lene
916 2470 1047 2512 fuisse
1073 2470 1242 2512 fretum.

336 2523 409 2565 fax
433 2539 603 2579 quoque
628 2542 695 2569 me
724 2535 870 2578 terret,
896 2542 1025 2582 quam
1052 2542 1095 2569 se
1121 2527 1334 2583 peperisse
1361 2535 1579 2569 cruentam

393 2589 489 2623 ante
515 2583 626 2625 diem
651 2592 796 2639 partus
822 2592 885 2627 est
910 2593 983 2626 tua
1008 2583 1098 2625 visa
1124 2599 1294 2639 parens:

336 2644 377 2679 et
402 2646 547 2680 vatum
573 2640 699 2683 timeo
724 2642 928 2691 monitus,
953 2656 1059 2695 quos
1085 2641 1182 2696 igne
1208 2641 1392 2696 Pelasgo

241 2708 310 2738 240
393 2695 502 2736 Ilion
528 2712 722 2738 arsurum
747 2699 1062 2753 praemonuisse
1088 2698 1243 2740 ferunt.

335 2758 465 2807 utque
492 2752 604 2796 favet
633 2753 847 2810 Cytherea
873 2755 968 2805 tibi,
994 2755 1093 2809 quia
1118 2754 1218 2796 vicit
1243 2754 1455 2809 habetque
