1831 3168
402 196 457 238 76
831 205 876 241 Ρ.
904 206 1050 243 OVIDI
1076 205 1292 241 NASONIS

459 296 499 329 et
525 288 685 329 salvam
712 288 829 329 salva
855 295 895 329 te
921 288 1034 342 eupit
1063 303 1153 329 0550
1178 287 1273 330 fide.

400 345 498 386 inde
524 344 588 392 fit,
615 352 679 393 ut,
707 345 902 398 quotiens
928 345 1106 386 existere
1133 345 1293 399 perfida
1318 352 1512 401 temptas,

457 408 678 455 peccatum
704 402 856 443 totiens
883 402 1065 456 corrigat
1091 401 1163 442 illa
1188 410 1320 442 tuum.

312 470 374 501 115
400 471 525 513 parce
552 472 721 499 movere
746 458 858 499 feros
884 459 1098 499 animosae
1124 458 1297 513 virginis
1324 474 1464 501 arcus:

456 514 568 555 mitis
595 515 734 556 adhue
759 515 868 565 fieri,
895 515 929 556 si
954 515 1135 570 patiare,
1162 523 1310 569 potest.

401 585 546 625 parce,
572 586 741 626 precor,
767 579 933 613 teneros
961 586 1229 626 corrumpere
1255 571 1445 614 febribus
1471 584 1609 615 artus:

459 636 648 670 servetur
673 628 802 670 facies
827 629 908 670 ista
933 629 1114 670 fruenda
1138 628 1254 669 mihi.

401 692 621 726 serventur
645 685 784 727 vultus
809 686 863 727 ad
887 694 1030 727 nostra
1055 685 1250 727 incendia
1274 687 1375 735 nati,

309 754 373 785 120
456 742 615 796 quique
641 743 785 784 subest
811 743 933 784 niveo
958 742 1064 784 lenis
1089 743 1130 783 in
1158 757 1228 784 ore
1253 743 1394 784 rubor.

396 798 609 849 hostibus,
635 807 676 841 et
701 799 852 853 siquiS‚
879 816 932 841 ne
958 800 1033 840 fias
1058 807 1220 849 nostra,
1248 810 1469 854 repugnat,

456 855 516 897 510
542 856 612 905 511,
639 864 683 897 ut
710 856 895 897 invalida
921 865 960 898 te
987 857 1091 898 solet
1118 871 1208 897 esse
1234 857 1348 897 mihi.

397 918 598 966 torqueor
623 928 674 954 ex
701 927 838 967 aequo
864 914 930 955 vel
957 921 997 955 te
1022 913 1207 954 nubente
1233 913 1299 953 vel
1326 928 1467 967 aegra,

455 969 594 1011 dicere
619 984 697 1011 nec
722 984 914 1025 possum,
941 970 1043 1023 quid
1068 969 1206 1010 minus
1231 969 1321 1024 ipse
1347 970 1486 1010 velim.

307 1038 369 1068 125
395 1040 586 1068 maceror
611 1027 842 1075 interdum,
869 1027 983 1081 quod
1008 1026 1086 1067 sim
1113 1026 1188 1067 tibi
1214 1040 1343 1066 eausa
1369 1025 1551 1075 dolendi,

452 1091 577 1137 teque
602 1099 697 1125 mea
720 1083 830 1125 laedi
856 1083 1083 1125 calliditate
1109 1090 1225 1137 puto.

394 1139 522 1194 inque
550 1148 677 1195 caput
700 1148 891 1181 nostrum
918 1140 1112 1181 dominae
1138 1138 1341 1194 periuria,
1367 1153 1539 1194 quaeSO,

452 1197 666 1238 eveniant:
693 1212 831 1252 poena
855 1205 947 1238 tuta
973 1197 1026 1238 sit.
1050 1197 1121 1237 illa
1146 1212 1253 1237 mea.

394 1268 446 1295 ne
472 1261 614 1295 tamen
638 1255 849 1309 ignorem,
875 1254 978 1307 quid
1003 1268 1126 1308 agas,
1154 1254 1207 1294 ad
1231 1253 1377 1294 limina
1403 1254 1550 1295 erebro

304 1321 370 1353 130
452 1310 602 1352 anxius
628 1311 711 1353 huc
736 1312 835 1352 illuc
861 1311 1174 1352 dissimulanter
1199 1326 1267 1351 eo:

393 1367 631 1421 subsequor
656 1368 851 1409 ancillam
877 1368 1022 1409 furtim
1048 1367 1363 1420 famulumque,
1390 1367 1623 1421 requirens,

450 1425 686 1479 profuerint
711 1425 846 1466 somni
871 1425 974 1479 quid
1000 1424 1076 1465 tibi
1102 1424 1256 1478 quidve
1283 1423 1379 1464 eibi.

392 1495 459 1522 me
485 1481 705 1530 miserum,
731 1482 846 1535 quod
870 1497 955 1523 non
980 1481 1241 1523 medicorum
1265 1480 1381 1523 iussa
1405 1480 1596 1524 ministro

450 1537 693 1593 effingoque
719 1554 869 1580 manus
894 1539 1139 1592 insideoque
1164 1537 1275 1580 toro!

303 1605 364 1636 135
392 1601 431 1636 et
457 1609 603 1636 rursus
628 1595 848 1645 miserum,
874 1595 989 1649 quod
1013 1610 1081 1636 me
1106 1595 1255 1650 procul
1280 1594 1378 1636 inde
1403 1603 1565 1637 remoto

448 1665 574 1705 quem
601 1651 772 1694 minime
787 1653 955 1701 vellem,
971 1652 1147 1693 forsitan
1173 1652 1278 1693 alter
1303 1651 1440 1693 adest!

390 1708 460 1749 ille
485 1724 635 1750 manus
661 1709 762 1750 istas
788 1710 953 1764 effingit
978 1716 1019 1750 et
1044 1709 1209 1750 adsidet
1234 1723 1400 1763 aegrae,

446 1765 607 1806 invisus
633 1765 796 1820 superis
822 1781 917 1807 cum
944 1766 1191 1821 superisque
1217 1765 1331 1806 mihi.

391 1821 576 1875 dumque
602 1837 678 1864 suo
703 1830 883 1877 temptat
908 1823 1127 1864 salientem
1153 1823 1304 1877 pollice
1329 1837 1494 1871 venam,

301 1889 365 1920 140
449 1879 630 1919 eandida
655 1894 730 1934 per
755 1894 926 1920 causam
952 1879 1150 1920 bracchia
1176 1894 1301 1933 saepe
1327 1886 1442 1921 tenet

391 1942 707 1989 contrectatque
734 1936 850 1976 sinus
876 1943 917 1977 et
941 1936 1118 1976 forsitan
1144 1937 1288 1976 oscula
1314 1935 1469 1990 iungit:

447 1990 587 2032 officio
613 2006 774 2034 merces
799 1992 961 2047 plenior
985 1992 1065 2034 ista
1090 2007 1166 2033 suo
1193 2000 1268 2034 est.

389 2048 483 2102 quis
509 2048 585 2089 tibi
610 2049 799 2104 permisit
823 2056 986 2091 nostras
1013 2064 1286 2104 praecerpere
1312 2050 1494 2090 messes?

447 2104 500 2146 ad
526 2120 621 2160 spes
648 2106 818 2147 alterius
844 2106 937 2160 quis
965 2106 1041 2147 tibi
1066 2106 1165 2147 fecit
1190 2107 1294 2147 iter?

299 2173 362 2203 1215
388 2162 466 2204 iste
493 2162 607 2203 sinus
633 2178 752 2205 meus
779 2170 861 2212 est,
887 2178 982 2204 mea
1007 2163 1184 2218 turpiter
1209 2163 1353 2204 oscula
1378 2163 1528 2204 sumis:

445 2234 470 2260 a
495 2219 597 2259 mihi
624 2220 830 2274 promisso
856 2234 1030 2275 corpore
1056 2220 1154 2261 tolle
1179 2219 1349 2261 manus!

387 2275 597 2330 improbe,
623 2277 721 2318 tolle
746 2276 915 2318 manus!
954 2291 1081 2331 quam
1107 2277 1266 2332 tangis,
1291 2284 1434 2318 nostra
1459 2276 1601 2319 futura
1626 2284 1700 2320 051.

444 2332 667 2387 postmodo
693 2334 728 2375 si
753 2333 883 2375 facies
908 2333 1040 2383 istud,
1067 2333 1231 2374 adulter
1256 2333 1349 2374 eris.

388 2389 497 2444 elige
523 2389 575 2431 de
600 2390 765 2440 vacuis,
790 2405 917 2444 quam
943 2405 1027 2432 non
1052 2390 1132 2431 sibi
1157 2390 1342 2432 vindicet
1367 2391 1489 2432 alter:

298 2458 361 2488 150
445 2446 479 2487 si
504 2447 661 2488 neseis:
688 2447 906 2489 dominum
931 2463 997 2489 res
1023 2447 1151 2489 habet
1176 2447 1256 2488 ista
1281 2462 1417 2488 suum.

387 2516 464 2544 nec
489 2503 592 2544 mihi
618 2504 864 2546 credideris:
890 2505 1089 2546 recitetur
1113 2504 1294 2545 formula
1319 2505 1450 2559 pacti:

443 2574 527 2600 neu
552 2560 704 2602 falsam
730 2562 844 2603 dieas
871 2577 981 2612 esse,
1007 2561 1075 2603 fae
1104 2562 1197 2616 ipsa
1222 2562 1348 2616 legat.

387 2615 556 2657 alterius
582 2617 766 2659 thalamo
792 2643 849 2648 —
873 2619 949 2660 tibi
973 2633 1070 2668 nos,
1096 2618 1171 2659 tibi
1197 2618 1375 2660 dicimus
1402 2642 1458 2648 —
1482 2617 1567 2660 exi!

445 2673 546 2726 quid
572 2674 676 2715 facis
702 2675 796 2717 hie?
833 2675 920 2718 exil
958 2690 1043 2717 non
1069 2682 1191 2716 vacat
1215 2675 1293 2717 iste
1319 2682 1447 2716 torus.

298 2740 359 2771 155
387 2743 485 2769 nam
510 2731 624 2783 quod
649 2731 779 2773 habes
806 2740 847 2774 et
872 2740 916 2774 tu
942 2732 1100 2788 gemini
1125 2731 1255 2774 verba
1281 2732 1412 2774 altera
1436 2732 1562 2787 pacti,
