<?xml version="1.0" encoding="UTF-8"?>
<!DOCTYPE html PUBLIC "-//W3C//DTD XHTML 1.0 Transitional//EN"
    "http://www.w3.org/TR/xhtml1/DTD/xhtml1-transitional.dtd">
<html xmlns="http://www.w3.org/1999/xhtml" xml:lang="en" lang="en">
 <head>
  <title>
</title>
<meta http-equiv="Content-Type" content="text/html;charset=utf-8" />
  <meta name='ocr-system' content='tesseract 3.04.00' />
  <meta name='ocr-capabilities' content='ocr_page ocr_carea ocr_par ocr_line ocrx_word'/>
</head>
<body>
  <div class='ocr_page' id='page_1' title='image "./carminao01oviduoft_0025.png"; bbox 0 0 1831 3168; ppageno 0'>
   <div class='ocr_carea' id='block_1_1' title="bbox 538 240 1031 277">
    <p class='ocr_par' dir='ltr' id='par_1_1' title="bbox 538 240 1031 277">
     <span class='ocr_line' id='line_1_1' title="bbox 538 240 1031 277; baseline 0 -3"><span class='ocrx_word' id='word_1_1' title='bbox 538 240 811 277; x_wconf 85' lang='lat' dir='ltr'>HEROIDUM</span> <span class='ocrx_word' id='word_1_2' title='bbox 836 241 883 276; x_wconf 89' lang='lat'>11.</span> <span class='ocrx_word' id='word_1_3' title='bbox 909 240 1031 276; x_wconf 77' lang='lat'>4—91.</span> 
     </span>
    </p>
   </div>
   <div class='ocr_carea' id='block_1_2' title="bbox 50 322 1390 2812">
    <p class='ocr_par' dir='ltr' id='par_1_2' title="bbox 162 322 1027 378">
     <span class='ocr_line' id='line_1_2' title="bbox 162 322 1027 378; baseline -0.001 -14"><span class='ocrx_word' id='word_1_4' title='bbox 162 323 264 370; x_wconf 88' lang='lat' dir='ltr'>heu,</span> <span class='ocrx_word' id='word_1_5' title='bbox 290 322 426 378; x_wconf 85' lang='lat' dir='ltr'>patior</span> <span class='ocrx_word' id='word_1_6' title='bbox 450 322 542 363; x_wconf 89' lang='lat' dir='ltr'>telis</span> <span class='ocrx_word' id='word_1_7' title='bbox 569 322 744 364; x_wconf 86' lang='lat' dir='ltr'>vulnera</span> <span class='ocrx_word' id='word_1_8' title='bbox 769 322 880 364; x_wconf 86' lang='lat' dir='ltr'>facta</span> <span class='ocrx_word' id='word_1_9' title='bbox 904 322 1027 364; x_wconf 77' lang='lat' dir='ltr'>meis!</span> 
     </span>
    </p>

    <p class='ocr_par' dir='ltr' id='par_1_3' title="bbox 106 379 1231 491">
     <span class='ocr_line' id='line_1_3' title="bbox 106 379 1231 435; baseline -0.002 -14"><span class='ocrx_word' id='word_1_10' title='bbox 106 379 359 422; x_wconf 80' lang='lat' dir='ltr'>credidimus</span> <span class='ocrx_word' id='word_1_11' title='bbox 385 379 571 428; x_wconf 82' lang='lat' dir='ltr'>blandis,</span> <span class='ocrx_word' id='word_1_12' title='bbox 598 394 778 433; x_wconf 87' lang='lat' dir='ltr'>quorum</span> <span class='ocrx_word' id='word_1_13' title='bbox 805 380 879 420; x_wconf 91' lang='lat' dir='ltr'>tibi</span> <span class='ocrx_word' id='word_1_14' title='bbox 906 380 1047 435; x_wconf 83' lang='lat' dir='ltr'>copia,</span> <span class='ocrx_word' id='word_1_15' title='bbox 1075 379 1231 421; x_wconf 88' lang='lat' dir='ltr'>verbis:</span> 
     </span>
     <span class='ocr_line' id='line_1_4' title="bbox 164 436 1069 491; baseline 0 -14"><span class='ocrx_word' id='word_1_16' title='bbox 164 436 417 477; x_wconf 79' lang='lat' dir='ltr'>credidimus</span> <span class='ocrx_word' id='word_1_17' title='bbox 443 436 587 491; x_wconf 80' lang='lat' dir='ltr'><strong>generi</strong></span> <span class='ocrx_word' id='word_1_18' title='bbox 612 436 942 490; x_wconf 82' lang='lat' dir='ltr'>numinibusque</span> <span class='ocrx_word' id='word_1_19' title='bbox 968 436 1069 478; x_wconf 88' lang='lat' dir='ltr'>tuis:</span> 
     </span>
    </p>

    <p class='ocr_par' dir='ltr' id='par_1_4' title="bbox 107 493 1352 604">
     <span class='ocr_line' id='line_1_5' title="bbox 107 493 1341 535; baseline -0.001 -1"><span class='ocrx_word' id='word_1_20' title='bbox 107 493 360 534; x_wconf 82' lang='lat' dir='ltr'>credidimus</span> <span class='ocrx_word' id='word_1_21' title='bbox 386 493 581 534; x_wconf 80' lang='lat' dir='ltr'>lacrimis.</span> <span class='ocrx_word' id='word_1_22' title='bbox 643 509 695 533; x_wconf 87' lang='lat' dir='ltr'>an</span> <span class='ocrx_word' id='word_1_23' title='bbox 721 500 762 534; x_wconf 84' lang='lat' dir='ltr'>et</span> <span class='ocrx_word' id='word_1_24' title='bbox 787 493 864 535; x_wconf 87' lang='lat' dir='ltr'>hae</span> <span class='ocrx_word' id='word_1_25' title='bbox 891 493 1088 535; x_wconf 86' lang='lat' dir='ltr'>simulare</span> <span class='ocrx_word' id='word_1_26' title='bbox 1114 493 1341 535; x_wconf 81' lang='lat' dir='ltr'>docentur?</span> 
     </span>
     <span class='ocr_line' id='line_1_6' title="bbox 165 549 1352 604; baseline 0.002 -15"><span class='ocrx_word' id='word_1_27' title='bbox 165 550 242 591; x_wconf 77' lang='lat' dir='ltr'>liae</span> <span class='ocrx_word' id='word_1_28' title='bbox 269 563 437 604; x_wconf 84' lang='lat' dir='ltr'>quoque</span> <span class='ocrx_word' id='word_1_29' title='bbox 464 549 619 590; x_wconf 86' lang='lat' dir='ltr'>habent</span> <span class='ocrx_word' id='word_1_30' title='bbox 644 558 773 599; x_wconf 87' lang='lat' dir='ltr'>artes,</span> <span class='ocrx_word' id='word_1_31' title='bbox 800 564 969 604; x_wconf 86' lang='lat' dir='ltr'>quaque</span> <span class='ocrx_word' id='word_1_32' title='bbox 993 550 1204 600; x_wconf 88' lang='lat' dir='ltr'>iubentur,</span> <span class='ocrx_word' id='word_1_33' title='bbox 1231 552 1352 591; x_wconf 70' lang='lat' dir='ltr'>eunt?</span> 
     </span>
    </p>

    <p class='ocr_par' dir='ltr' id='par_1_5' title="bbox 108 606 1390 717">
     <span class='ocr_line' id='line_1_7' title="bbox 108 606 1390 661; baseline -0.001 -14"><span class='ocrx_word' id='word_1_34' title='bbox 108 607 172 647; x_wconf 84' lang='lat' dir='ltr'>dis</span> <span class='ocrx_word' id='word_1_35' title='bbox 198 620 367 660; x_wconf 87' lang='lat' dir='ltr'>quoque</span> <span class='ocrx_word' id='word_1_36' title='bbox 393 606 658 647; x_wconf 87' lang='lat' dir='ltr'>credidimus.</span> <span class='ocrx_word' id='word_1_37' title='bbox 719 606 820 658; x_wconf 89' lang='lat' dir='ltr'>quid</span> <span class='ocrx_word' id='word_1_38' title='bbox 846 607 929 647; x_wconf 86' lang='lat' dir='ltr'>iam</span> <span class='ocrx_word' id='word_1_39' title='bbox 954 613 1015 647; x_wconf 86' lang='lat' dir='ltr'>tot</span> <span class='ocrx_word' id='word_1_40' title='bbox 1040 606 1218 661; x_wconf 86' lang='lat' dir='ltr'>pignora</span> <span class='ocrx_word' id='word_1_41' title='bbox 1243 606 1390 648; x_wconf 82' lang='lat' dir='ltr'>nobis?</span> 
     </span>
     <span class='ocr_line' id='line_1_8' title="bbox 165 662 1016 717; baseline -0.001 -14"><span class='ocrx_word' id='word_1_42' title='bbox 165 671 283 717; x_wconf 87' lang='lat' dir='ltr'>parte</span> <span class='ocrx_word' id='word_1_43' title='bbox 309 662 408 703; x_wconf 88' lang='lat' dir='ltr'>satis</span> <span class='ocrx_word' id='word_1_44' title='bbox 433 662 550 717; x_wconf 89' lang='lat' dir='ltr'>potui</span> <span class='ocrx_word' id='word_1_45' title='bbox 576 662 762 714; x_wconf 90' lang='lat' dir='ltr'>qualibet</span> <span class='ocrx_word' id='word_1_46' title='bbox 786 662 884 703; x_wconf 90' lang='lat' dir='ltr'>inde</span> <span class='ocrx_word' id='word_1_47' title='bbox 911 662 1016 716; x_wconf 86' lang='lat' dir='ltr'>capi.</span> 
     </span>
    </p>

    <p class='ocr_par' dir='ltr' id='par_1_6' title="bbox 108 717 1172 816">
     <span class='ocr_line' id='line_1_9' title="bbox 108 717 1172 772; baseline 0 -12"><span class='ocrx_word' id='word_1_48' title='bbox 108 734 186 760; x_wconf 88' lang='lat' dir='ltr'>nec</span> <span class='ocrx_word' id='word_1_49' title='bbox 211 733 394 767; x_wconf 87' lang='lat' dir='ltr'>moveor,</span> <span class='ocrx_word' id='word_1_50' title='bbox 419 717 534 771; x_wconf 88' lang='lat' dir='ltr'>quod</span> <span class='ocrx_word' id='word_1_51' title='bbox 559 724 599 758; x_wconf 90' lang='lat' dir='ltr'>te</span> <span class='ocrx_word' id='word_1_52' title='bbox 625 717 711 758; x_wconf 91' lang='lat' dir='ltr'>iuvi</span> <span class='ocrx_word' id='word_1_53' title='bbox 736 726 943 772; x_wconf 89' lang='lat' dir='ltr'>portuque</span> <span class='ocrx_word' id='word_1_54' title='bbox 968 719 1172 772; x_wconf 83' lang='lat' dir='ltr'>locoque?</span> 
     </span>
     <span class='ocr_line' id='line_1_10' title="bbox 165 774 1074 816; baseline 0 -1"><span class='ocrx_word' id='word_1_55' title='bbox 165 775 311 816; x_wconf 87' lang='lat' dir='ltr'>debuit</span> <span class='ocrx_word' id='word_1_56' title='bbox 335 774 439 815; x_wconf 81' lang='lat' dir='ltr'>haec</span> <span class='ocrx_word' id='word_1_57' title='bbox 465 774 602 815; x_wconf 89' lang='lat' dir='ltr'>meriti</span> <span class='ocrx_word' id='word_1_58' title='bbox 628 788 792 814; x_wconf 86' lang='lat' dir='ltr'>summa</span> <span class='ocrx_word' id='word_1_59' title='bbox 816 774 947 815; x_wconf 88' lang='lat' dir='ltr'>fuisse</span> <span class='ocrx_word' id='word_1_60' title='bbox 973 774 1074 815; x_wconf 72' lang='lat' dir='ltr'>mei!</span> 
     </span>
    </p>

    <p class='ocr_par' dir='ltr' id='par_1_7' title="bbox 108 830 1086 943">
     <span class='ocr_line' id='line_1_11' title="bbox 108 830 1086 886; baseline -0.002 -13"><span class='ocrx_word' id='word_1_61' title='bbox 108 831 284 886; x_wconf 85' lang='lat' dir='ltr'>turpiter</span> <span class='ocrx_word' id='word_1_62' title='bbox 308 830 536 885; x_wconf 75' lang='lat' dir='ltr'>hospitium</span> <span class='ocrx_word' id='word_1_63' title='bbox 561 830 668 871; x_wconf 86' lang='lat' dir='ltr'>lecto</span> <span class='ocrx_word' id='word_1_64' title='bbox 694 831 930 872; x_wconf 81' lang='lat' dir='ltr'>cumulasse</span> <span class='ocrx_word' id='word_1_65' title='bbox 955 831 1086 885; x_wconf 88' lang='lat' dir='ltr'>iugali</span> 
     </span>
     <span class='ocr_line' id='line_1_12' title="bbox 163 887 1013 943; baseline -0.001 -14"><span class='ocrx_word' id='word_1_66' title='bbox 163 887 367 943; x_wconf 87' lang='lat' dir='ltr'>paenitet,</span> <span class='ocrx_word' id='word_1_67' title='bbox 394 894 433 929; x_wconf 87' lang='lat' dir='ltr'>et</span> <span class='ocrx_word' id='word_1_68' title='bbox 458 887 578 928; x_wconf 87' lang='lat' dir='ltr'>lateri</span> <span class='ocrx_word' id='word_1_69' title='bbox 605 887 865 929; x_wconf 82' lang='lat' dir='ltr'>conseruisse</span> <span class='ocrx_word' id='word_1_70' title='bbox 890 888 1013 928; x_wconf 84' lang='lat' dir='ltr'>latus.</span> 
     </span>
    </p>

    <p class='ocr_par' dir='ltr' id='par_1_8' title="bbox 106 943 1207 1055">
     <span class='ocr_line' id='line_1_13' title="bbox 106 943 1193 1000; baseline -0.001 -14"><span class='ocrx_word' id='word_1_71' title='bbox 106 960 216 1000; x_wconf 84' lang='lat' dir='ltr'>quae</span> <span class='ocrx_word' id='word_1_72' title='bbox 241 944 321 985; x_wconf 89' lang='lat' dir='ltr'>fuit</span> <span class='ocrx_word' id='word_1_73' title='bbox 346 951 442 985; x_wconf 87' lang='lat' dir='ltr'>ante</span> <span class='ocrx_word' id='word_1_74' title='bbox 468 944 601 993; x_wconf 89' lang='lat' dir='ltr'>illam,</span> <span class='ocrx_word' id='word_1_75' title='bbox 627 944 797 985; x_wconf 86' lang='lat' dir='ltr'>mallem</span> <span class='ocrx_word' id='word_1_76' title='bbox 823 959 1019 999; x_wconf 87' lang='lat' dir='ltr'>suprema</span> <span class='ocrx_word' id='word_1_77' title='bbox 1044 943 1193 986; x_wconf 88' lang='lat' dir='ltr'>fuisset</span> 
     </span>
     <span class='ocr_line' id='line_1_14' title="bbox 166 1000 1207 1055; baseline 0 -13"><span class='ocrx_word' id='word_1_78' title='bbox 166 1016 249 1042; x_wconf 89' lang='lat' dir='ltr'>nox</span> <span class='ocrx_word' id='word_1_79' title='bbox 275 1000 396 1049; x_wconf 91' lang='lat' dir='ltr'>mihi,</span> <span class='ocrx_word' id='word_1_80' title='bbox 424 1001 524 1041; x_wconf 89' lang='lat' dir='ltr'>dum</span> <span class='ocrx_word' id='word_1_81' title='bbox 550 1000 667 1055; x_wconf 87' lang='lat' dir='ltr'>potui</span> <span class='ocrx_word' id='word_1_82' title='bbox 692 1000 857 1055; x_wconf 86' lang='lat' dir='ltr'>Phyllis</span> <span class='ocrx_word' id='word_1_83' title='bbox 884 1001 1060 1042; x_wconf 84' lang='lat' dir='ltr'>honesta</span> <span class='ocrx_word' id='word_1_84' title='bbox 1084 1001 1207 1042; x_wconf 78' lang='lat' dir='ltr'>mori!</span> 
     </span>
    </p>

    <p class='ocr_par' dir='ltr' id='par_1_9' title="bbox 107 1057 1276 1169">
     <span class='ocr_line' id='line_1_15' title="bbox 107 1057 1070 1114; baseline -0.001 -15"><span class='ocrx_word' id='word_1_85' title='bbox 107 1057 273 1114; x_wconf 84' lang='lat' dir='ltr'>speravi</span> <span class='ocrx_word' id='word_1_86' title='bbox 297 1057 466 1106; x_wconf 88' lang='lat' dir='ltr'>melius,</span> <span class='ocrx_word' id='word_1_87' title='bbox 493 1058 592 1111; x_wconf 86' lang='lat' dir='ltr'>quia</span> <span class='ocrx_word' id='word_1_88' title='bbox 618 1065 657 1099; x_wconf 91' lang='lat' dir='ltr'>te</span> <span class='ocrx_word' id='word_1_89' title='bbox 684 1058 885 1099; x_wconf 85' lang='lat' dir='ltr'>meruisse</span> <span class='ocrx_word' id='word_1_90' title='bbox 911 1058 1070 1112; x_wconf 84' lang='lat' dir='ltr'>putavi.</span> 
     </span>
     <span class='ocr_line' id='line_1_16' title="bbox 164 1113 1276 1169; baseline -0.001 -13"><span class='ocrx_word' id='word_1_91' title='bbox 164 1128 458 1168; x_wconf 88' lang='lat' dir='ltr'>quaecumque</span> <span class='ocrx_word' id='word_1_92' title='bbox 485 1129 507 1155; x_wconf 92' lang='lat' dir='ltr'>e</span> <span class='ocrx_word' id='word_1_93' title='bbox 532 1115 680 1155; x_wconf 88' lang='lat' dir='ltr'>merito</span> <span class='ocrx_word' id='word_1_94' title='bbox 707 1129 803 1169; x_wconf 90' lang='lat' dir='ltr'>spes</span> <span class='ocrx_word' id='word_1_95' title='bbox 829 1116 962 1163; x_wconf 84' lang='lat' dir='ltr'>venit,</span> <span class='ocrx_word' id='word_1_96' title='bbox 989 1128 1125 1168; x_wconf 85' lang='lat' dir='ltr'>aequa</span> <span class='ocrx_word' id='word_1_97' title='bbox 1150 1113 1276 1156; x_wconf 78' lang='lat' dir='ltr'>venit.</span> 
     </span>
    </p>

    <p class='ocr_par' dir='ltr' id='par_1_10' title="bbox 107 1171 1127 1283">
     <span class='ocr_line' id='line_1_17' title="bbox 107 1171 1127 1226; baseline 0 -14"><span class='ocrx_word' id='word_1_98' title='bbox 107 1171 251 1212; x_wconf 84' lang='lat' dir='ltr'>fallere</span> <span class='ocrx_word' id='word_1_99' title='bbox 278 1171 517 1212; x_wconf 86' lang='lat' dir='ltr'>credentem</span> <span class='ocrx_word' id='word_1_100' title='bbox 542 1185 626 1211; x_wconf 90' lang='lat' dir='ltr'>non</span> <span class='ocrx_word' id='word_1_101' title='bbox 652 1179 715 1213; x_wconf 90' lang='lat' dir='ltr'>est</span> <span class='ocrx_word' id='word_1_102' title='bbox 740 1186 918 1226; x_wconf 86' lang='lat' dir='ltr'>operosa</span> <span class='ocrx_word' id='word_1_103' title='bbox 943 1172 1127 1226; x_wconf 85' lang='lat' dir='ltr'>puellam</span> 
     </span>
     <span class='ocr_line' id='line_1_18' title="bbox 163 1227 1030 1283; baseline 0.001 -15"><span class='ocrx_word' id='word_1_104' title='bbox 163 1228 316 1283; x_wconf 89' lang='lat' dir='ltr'>gloria:</span> <span class='ocrx_word' id='word_1_105' title='bbox 344 1227 587 1282; x_wconf 86' lang='lat' dir='ltr'>simplicitas</span> <span class='ocrx_word' id='word_1_106' title='bbox 613 1227 742 1283; x_wconf 90' lang='lat' dir='ltr'>digna</span> <span class='ocrx_word' id='word_1_107' title='bbox 766 1228 911 1269; x_wconf 84' lang='lat' dir='ltr'>favore</span> <span class='ocrx_word' id='word_1_108' title='bbox 937 1228 1030 1269; x_wconf 84' lang='lat' dir='ltr'>fuit.</span> 
     </span>
    </p>

    <p class='ocr_par' dir='ltr' id='par_1_11' title="bbox 108 1284 1175 1390">
     <span class='ocr_line' id='line_1_19' title="bbox 108 1284 1175 1339; baseline -0.001 -13"><span class='ocrx_word' id='word_1_109' title='bbox 108 1300 202 1326; x_wconf 88' lang='lat' dir='ltr'>sum</span> <span class='ocrx_word' id='word_1_110' title='bbox 228 1284 406 1339; x_wconf 85' lang='lat' dir='ltr'>decepta</span> <span class='ocrx_word' id='word_1_111' title='bbox 431 1284 511 1325; x_wconf 88' lang='lat' dir='ltr'>tuis</span> <span class='ocrx_word' id='word_1_112' title='bbox 538 1291 579 1325; x_wconf 86' lang='lat' dir='ltr'>et</span> <span class='ocrx_word' id='word_1_113' title='bbox 604 1300 748 1325; x_wconf 90' lang='lat' dir='ltr'>amans</span> <span class='ocrx_word' id='word_1_114' title='bbox 776 1292 817 1326; x_wconf 91' lang='lat' dir='ltr'>et</span> <span class='ocrx_word' id='word_1_115' title='bbox 841 1285 998 1326; x_wconf 89' lang='lat' dir='ltr'>femina</span> <span class='ocrx_word' id='word_1_116' title='bbox 1023 1284 1175 1326; x_wconf 89' lang='lat' dir='ltr'>verbis.</span> 
     </span>
     <span class='ocr_line' id='line_1_20' title="bbox 165 1340 1078 1390; baseline 0 -8"><span class='ocrx_word' id='word_1_117' title='bbox 165 1341 207 1382; x_wconf 91' lang='lat' dir='ltr'>di</span> <span class='ocrx_word' id='word_1_118' title='bbox 231 1340 408 1390; x_wconf 78' lang='lat' dir='ltr'>faciant,</span> <span class='ocrx_word' id='word_1_119' title='bbox 434 1341 570 1382; x_wconf 86' lang='lat' dir='ltr'>laudis</span> <span class='ocrx_word' id='word_1_120' title='bbox 596 1356 761 1382; x_wconf 84' lang='lat' dir='ltr'>summa</span> <span class='ocrx_word' id='word_1_121' title='bbox 786 1342 840 1383; x_wconf 81' lang='lat' dir='ltr'>sit</span> <span class='ocrx_word' id='word_1_122' title='bbox 863 1342 943 1383; x_wconf 85' lang='lat' dir='ltr'>ista</span> <span class='ocrx_word' id='word_1_123' title='bbox 968 1348 1078 1383; x_wconf 88' lang='lat' dir='ltr'>tuae.</span> 
     </span>
    </p>

    <p class='ocr_par' dir='ltr' id='par_1_12' title="bbox 108 1398 1101 1510">
     <span class='ocr_line' id='line_1_21' title="bbox 108 1398 1101 1453; baseline 0 -14"><span class='ocrx_word' id='word_1_124' title='bbox 108 1398 217 1439; x_wconf 84' lang='lat' dir='ltr'>inter</span> <span class='ocrx_word' id='word_1_125' title='bbox 241 1405 280 1439; x_wconf 87' lang='lat' dir='ltr'>et</span> <span class='ocrx_word' id='word_1_126' title='bbox 305 1398 497 1453; x_wconf 84' lang='lat' dir='ltr'>Aegidas</span> <span class='ocrx_word' id='word_1_127' title='bbox 522 1398 662 1439; x_wconf 86' lang='lat' dir='ltr'>media</span> <span class='ocrx_word' id='word_1_128' title='bbox 687 1398 884 1440; x_wconf 88' lang='lat' dir='ltr'>statuaris</span> <span class='ocrx_word' id='word_1_129' title='bbox 909 1399 953 1439; x_wconf 89' lang='lat' dir='ltr'>in</span> <span class='ocrx_word' id='word_1_130' title='bbox 978 1398 1101 1440; x_wconf 87' lang='lat' dir='ltr'>urbe:</span> 
     </span>
     <span class='ocr_line' id='line_1_22' title="bbox 165 1454 1073 1510; baseline 0.002 -16"><span class='ocrx_word' id='word_1_131' title='bbox 165 1454 414 1509; x_wconf 83' lang='lat' dir='ltr'>magnificus</span> <span class='ocrx_word' id='word_1_132' title='bbox 440 1454 570 1495; x_wconf 83' lang='lat' dir='ltr'>titulis</span> <span class='ocrx_word' id='word_1_133' title='bbox 596 1462 677 1496; x_wconf 85' lang='lat' dir='ltr'>stet</span> <span class='ocrx_word' id='word_1_134' title='bbox 701 1462 820 1510; x_wconf 83' lang='lat' dir='ltr'>pater</span> <span class='ocrx_word' id='word_1_135' title='bbox 845 1462 942 1497; x_wconf 88' lang='lat' dir='ltr'>ante</span> <span class='ocrx_word' id='word_1_136' title='bbox 968 1455 1073 1496; x_wconf 86' lang='lat' dir='ltr'>suis:</span> 
     </span>
    </p>

    <p class='ocr_par' dir='ltr' id='par_1_13' title="bbox 110 1510 1221 1622">
     <span class='ocr_line' id='line_1_23' title="bbox 110 1510 1221 1566; baseline 0.001 -14"><span class='ocrx_word' id='word_1_137' title='bbox 110 1526 207 1553; x_wconf 88' lang='lat' dir='ltr'>cum</span> <span class='ocrx_word' id='word_1_138' title='bbox 231 1511 358 1552; x_wconf 84' lang='lat' dir='ltr'>suerit</span> <span class='ocrx_word' id='word_1_139' title='bbox 384 1510 533 1552; x_wconf 78' lang='lat' dir='ltr'>Sciron</span> <span class='ocrx_word' id='word_1_140' title='bbox 558 1511 692 1553; x_wconf 89' lang='lat' dir='ltr'>lectus</span> <span class='ocrx_word' id='word_1_141' title='bbox 718 1520 948 1566; x_wconf 86' lang='lat' dir='ltr'>torvusque</span> <span class='ocrx_word' id='word_1_142' title='bbox 972 1512 1221 1553; x_wconf 82' lang='lat' dir='ltr'>Procrustes</span> 
     </span>
     <span class='ocr_line' id='line_1_24' title="bbox 167 1566 1051 1622; baseline 0 -13"><span class='ocrx_word' id='word_1_143' title='bbox 167 1575 208 1609; x_wconf 88' lang='lat' dir='ltr'>et</span> <span class='ocrx_word' id='word_1_144' title='bbox 233 1566 346 1610; x_wconf 86' lang='lat' dir='ltr'>Sinis</span> <span class='ocrx_word' id='word_1_145' title='bbox 373 1574 413 1609; x_wconf 91' lang='lat' dir='ltr'>et</span> <span class='ocrx_word' id='word_1_146' title='bbox 438 1567 546 1608; x_wconf 89' lang='lat' dir='ltr'>tauri</span> <span class='ocrx_word' id='word_1_147' title='bbox 570 1568 786 1622; x_wconf 83' lang='lat' dir='ltr'>mixtaque</span> <span class='ocrx_word' id='word_1_148' title='bbox 812 1569 949 1609; x_wconf 87' lang='lat' dir='ltr'>forma</span> <span class='ocrx_word' id='word_1_149' title='bbox 973 1568 1051 1609; x_wconf 89' lang='lat' dir='ltr'>viri</span> 
     </span>
    </p>

    <p class='ocr_par' dir='ltr' id='par_1_14' title="bbox 110 1624 1179 1736">
     <span class='ocr_line' id='line_1_25' title="bbox 110 1624 1179 1678; baseline -0.001 -12"><span class='ocrx_word' id='word_1_150' title='bbox 110 1633 152 1666; x_wconf 86' lang='lat' dir='ltr'>et</span> <span class='ocrx_word' id='word_1_151' title='bbox 178 1624 360 1665; x_wconf 85' lang='lat' dir='ltr'>domitae</span> <span class='ocrx_word' id='word_1_152' title='bbox 385 1624 495 1665; x_wconf 89' lang='lat' dir='ltr'>bello</span> <span class='ocrx_word' id='word_1_153' title='bbox 520 1624 694 1665; x_wconf 86' lang='lat' dir='ltr'>Thebae</span> <span class='ocrx_word' id='word_1_154' title='bbox 719 1625 887 1678; x_wconf 87' lang='lat' dir='ltr'>fusique</span> <span class='ocrx_word' id='word_1_155' title='bbox 914 1625 1179 1666; x_wconf 86' lang='lat' dir='ltr'>Bimembres</span> 
     </span>
     <span class='ocr_line' id='line_1_26' title="bbox 169 1680 931 1736; baseline 0 -14"><span class='ocrx_word' id='word_1_156' title='bbox 169 1688 209 1722; x_wconf 91' lang='lat' dir='ltr'>et</span> <span class='ocrx_word' id='word_1_157' title='bbox 234 1681 401 1735; x_wconf 86' lang='lat' dir='ltr'>pulsata</span> <span class='ocrx_word' id='word_1_158' title='bbox 424 1680 534 1735; x_wconf 84' lang='lat' dir='ltr'>nigri</span> <span class='ocrx_word' id='word_1_159' title='bbox 558 1681 676 1736; x_wconf 83' lang='lat' dir='ltr'>regia</span> <span class='ocrx_word' id='word_1_160' title='bbox 701 1696 826 1722; x_wconf 85' lang='lat' dir='ltr'>caeca</span> <span class='ocrx_word' id='word_1_161' title='bbox 851 1681 931 1729; x_wconf 90' lang='lat' dir='ltr'>dei,</span> 
     </span>
    </p>

    <p class='ocr_par' dir='ltr' id='par_1_15' title="bbox 112 1737 1256 1849">
     <span class='ocr_line' id='line_1_27' title="bbox 112 1737 1053 1794; baseline 0.002 -17"><span class='ocrx_word' id='word_1_162' title='bbox 112 1737 193 1778; x_wconf 90' lang='lat' dir='ltr'>hoc</span> <span class='ocrx_word' id='word_1_163' title='bbox 218 1744 290 1778; x_wconf 85' lang='lat' dir='ltr'>tua</span> <span class='ocrx_word' id='word_1_164' title='bbox 313 1744 408 1792; x_wconf 89' lang='lat' dir='ltr'>post</span> <span class='ocrx_word' id='word_1_165' title='bbox 432 1737 524 1777; x_wconf 93' lang='lat' dir='ltr'>illos</span> <span class='ocrx_word' id='word_1_166' title='bbox 550 1737 671 1778; x_wconf 86' lang='lat' dir='ltr'>titulo</span> <span class='ocrx_word' id='word_1_167' title='bbox 698 1737 888 1792; x_wconf 80' lang='lat' dir='ltr'>signetur</span> <span class='ocrx_word' id='word_1_168' title='bbox 912 1738 1053 1794; x_wconf 85' lang='lat' dir='ltr'>imago</span> 
     </span>
     <span class='ocr_line' id='line_1_28' title="bbox 171 1793 1256 1849; baseline 0.002 -15"><span class='ocrx_word' id='word_1_169' title='bbox 171 1793 258 1834; x_wconf 88' lang='lat' dir='ltr'>‘hie</span> <span class='ocrx_word' id='word_1_170' title='bbox 285 1800 365 1842; x_wconf 92' lang='lat' dir='ltr'>est,</span> <span class='ocrx_word' id='word_1_171' title='bbox 392 1793 510 1834; x_wconf 87' lang='lat' dir='ltr'>cuius</span> <span class='ocrx_word' id='word_1_172' title='bbox 537 1809 681 1834; x_wconf 84' lang='lat' dir='ltr'>amans</span> <span class='ocrx_word' id='word_1_173' title='bbox 707 1793 873 1849; x_wconf 87' lang='lat' dir='ltr'>hospita</span> <span class='ocrx_word' id='word_1_174' title='bbox 898 1801 1021 1849; x_wconf 82' lang='lat' dir='ltr'>capta</span> <span class='ocrx_word' id='word_1_175' title='bbox 1047 1795 1141 1836; x_wconf 90' lang='lat' dir='ltr'>dolo</span> <span class='ocrx_word' id='word_1_176' title='bbox 1168 1794 1256 1836; x_wconf 86' lang='lat' dir='ltr'>est.’</span> 
     </span>
    </p>

    <p class='ocr_par' dir='ltr' id='par_1_16' title="bbox 111 1850 1061 1961">
     <span class='ocr_line' id='line_1_29' title="bbox 111 1850 1061 1906; baseline 0.002 -16"><span class='ocrx_word' id='word_1_177' title='bbox 111 1850 163 1892; x_wconf 89' lang='lat' dir='ltr'>de</span> <span class='ocrx_word' id='word_1_178' title='bbox 189 1857 307 1891; x_wconf 81' lang='lat' dir='ltr'>tanta</span> <span class='ocrx_word' id='word_1_179' title='bbox 331 1865 472 1891; x_wconf 89' lang='lat' dir='ltr'>rerum</span> <span class='ocrx_word' id='word_1_180' title='bbox 497 1850 621 1891; x_wconf 87' lang='lat' dir='ltr'>turba</span> <span class='ocrx_word' id='word_1_181' title='bbox 645 1850 852 1904; x_wconf 86' lang='lat' dir='ltr'>factisque</span> <span class='ocrx_word' id='word_1_182' title='bbox 877 1851 1061 1906; x_wconf 86' lang='lat' dir='ltr'>parentis</span> 
     </span>
     <span class='ocr_line' id='line_1_30' title="bbox 169 1905 1000 1961; baseline 0.001 -14"><span class='ocrx_word' id='word_1_183' title='bbox 169 1907 275 1949; x_wconf 90' lang='lat' dir='ltr'>sedit</span> <span class='ocrx_word' id='word_1_184' title='bbox 299 1907 342 1947; x_wconf 91' lang='lat' dir='ltr'>in</span> <span class='ocrx_word' id='word_1_185' title='bbox 367 1906 537 1961; x_wconf 88' lang='lat' dir='ltr'>ingenio</span> <span class='ocrx_word' id='word_1_186' title='bbox 565 1905 720 1948; x_wconf 86' lang='lat' dir='ltr'>Cressa</span> <span class='ocrx_word' id='word_1_187' title='bbox 744 1908 890 1949; x_wconf 85' lang='lat' dir='ltr'>relicta</span> <span class='ocrx_word' id='word_1_188' title='bbox 914 1915 1000 1948; x_wconf 88' lang='lat' dir='ltr'>tuo.</span> 
     </span>
    </p>

    <p class='ocr_par' dir='ltr' id='par_1_17' title="bbox 111 1963 1137 2077">
     <span class='ocr_line' id='line_1_31' title="bbox 111 1963 1137 2018; baseline 0.001 -14"><span class='ocrx_word' id='word_1_189' title='bbox 111 1964 224 2018; x_wconf 85' lang='lat' dir='ltr'>quod</span> <span class='ocrx_word' id='word_1_190' title='bbox 249 1963 384 2004; x_wconf 90' lang='lat' dir='ltr'>solum</span> <span class='ocrx_word' id='word_1_191' title='bbox 410 1970 604 2013; x_wconf 84' lang='lat' dir='ltr'>excusat,</span> <span class='ocrx_word' id='word_1_192' title='bbox 631 1964 766 2005; x_wconf 91' lang='lat' dir='ltr'>solum</span> <span class='ocrx_word' id='word_1_193' title='bbox 791 1964 954 2005; x_wconf 86' lang='lat' dir='ltr'>miraris</span> <span class='ocrx_word' id='word_1_194' title='bbox 980 1965 1023 2005; x_wconf 88' lang='lat' dir='ltr'>in</span> <span class='ocrx_word' id='word_1_195' title='bbox 1048 1965 1137 2005; x_wconf 91' lang='lat' dir='ltr'>illo:</span> 
     </span>
     <span class='ocr_line' id='line_1_32' title="bbox 168 2020 1091 2077; baseline 0.002 -17"><span class='ocrx_word' id='word_1_196' title='bbox 168 2020 364 2062; x_wconf 88' lang='lat' dir='ltr'>heredem</span> <span class='ocrx_word' id='word_1_197' title='bbox 390 2020 569 2075; x_wconf 84' lang='lat' dir='ltr'>patriae,</span> <span class='ocrx_word' id='word_1_198' title='bbox 595 2021 774 2076; x_wconf 89' lang='lat' dir='ltr'>perfide,</span> <span class='ocrx_word' id='word_1_199' title='bbox 800 2021 960 2062; x_wconf 86' lang='lat' dir='ltr'>fraudis</span> <span class='ocrx_word' id='word_1_200' title='bbox 986 2021 1091 2077; x_wconf 83' lang='lat' dir='ltr'>agis.</span> 
     </span>
    </p>

    <p class='ocr_par' dir='ltr' id='par_1_18' title="bbox 111 2077 1184 2189">
     <span class='ocr_line' id='line_1_33' title="bbox 111 2077 1184 2120; baseline 0.001 -2"><span class='ocrx_word' id='word_1_201' title='bbox 111 2077 182 2118; x_wconf 89' lang='lat' dir='ltr'>illa</span> <span class='ocrx_word' id='word_1_202' title='bbox 204 2101 261 2106; x_wconf 92' lang='lat'><strong>—</strong></span> <span class='ocrx_word' id='word_1_203' title='bbox 283 2091 362 2118; x_wconf 85' lang='lat' dir='ltr'>nec</span> <span class='ocrx_word' id='word_1_204' title='bbox 386 2077 554 2118; x_wconf 89' lang='lat' dir='ltr'>invideo</span> <span class='ocrx_word' id='word_1_205' title='bbox 579 2101 636 2107; x_wconf 82' lang='lat'>—-</span> <span class='ocrx_word' id='word_1_206' title='bbox 659 2077 812 2119; x_wconf 86' lang='lat' dir='ltr'>fruitur</span> <span class='ocrx_word' id='word_1_207' title='bbox 838 2079 1009 2120; x_wconf 88' lang='lat' dir='ltr'>meliore</span> <span class='ocrx_word' id='word_1_208' title='bbox 1034 2078 1184 2119; x_wconf 86' lang='lat' dir='ltr'>marito</span> 
     </span>
     <span class='ocr_line' id='line_1_34' title="bbox 168 2133 1022 2189; baseline 0.002 -15"><span class='ocrx_word' id='word_1_209' title='bbox 168 2134 296 2187; x_wconf 88' lang='lat' dir='ltr'>inque</span> <span class='ocrx_word' id='word_1_210' title='bbox 321 2133 555 2189; x_wconf 84' lang='lat' dir='ltr'>capistratis</span> <span class='ocrx_word' id='word_1_211' title='bbox 580 2133 758 2189; x_wconf 86' lang='lat' dir='ltr'>tigribus</span> <span class='ocrx_word' id='word_1_212' title='bbox 784 2135 868 2176; x_wconf 83' lang='lat' dir='ltr'>alta</span> <span class='ocrx_word' id='word_1_213' title='bbox 894 2136 1022 2177; x_wconf 87' lang='lat' dir='ltr'>sedet.</span> 
     </span>
    </p>

    <p class='ocr_par' dir='ltr' id='par_1_19' title="bbox 114 2190 1123 2303">
     <span class='ocr_line' id='line_1_35' title="bbox 114 2190 1117 2246; baseline 0.002 -15"><span class='ocrx_word' id='word_1_214' title='bbox 114 2198 152 2231; x_wconf 87' lang='lat' dir='ltr'>at</span> <span class='ocrx_word' id='word_1_215' title='bbox 179 2206 273 2232; x_wconf 88' lang='lat' dir='ltr'>mea</span> <span class='ocrx_word' id='word_1_216' title='bbox 299 2190 486 2245; x_wconf 88' lang='lat' dir='ltr'>despecti</span> <span class='ocrx_word' id='word_1_217' title='bbox 511 2190 683 2246; x_wconf 84' lang='lat' dir='ltr'>fugiunt</span> <span class='ocrx_word' id='word_1_218' title='bbox 709 2192 890 2232; x_wconf 84' lang='lat' dir='ltr'>conubia</span> <span class='ocrx_word' id='word_1_219' title='bbox 915 2192 1117 2241; x_wconf 86' lang='lat' dir='ltr'>Thraces,</span> 
     </span>
     <span class='ocr_line' id='line_1_36' title="bbox 170 2247 1123 2303; baseline 0.003 -16"><span class='ocrx_word' id='word_1_220' title='bbox 170 2247 282 2301; x_wconf 91' lang='lat' dir='ltr'>quod</span> <span class='ocrx_word' id='word_1_221' title='bbox 307 2247 419 2288; x_wconf 88' lang='lat' dir='ltr'>ferar</span> <span class='ocrx_word' id='word_1_222' title='bbox 443 2254 661 2289; x_wconf 88' lang='lat' dir='ltr'>externum</span> <span class='ocrx_word' id='word_1_223' title='bbox 686 2248 981 2303; x_wconf 88' lang='lat' dir='ltr'>praeposuisse</span> <span class='ocrx_word' id='word_1_224' title='bbox 1006 2249 1123 2290; x_wconf 89' lang='lat' dir='ltr'>meis.</span> 
     </span>
    </p>

    <p class='ocr_par' dir='ltr' id='par_1_20' title="bbox 50 2303 1374 2416">
     <span class='ocr_line' id='line_1_37' title="bbox 50 2303 1374 2359; baseline 0.002 -15"><span class='ocrx_word' id='word_1_225' title='bbox 50 2334 53 2335; x_wconf 17' lang='grc' dir='ltr'><em>γ</em></span> <span class='ocrx_word' id='word_1_226' title='bbox 114 2311 239 2357; x_wconf 84' lang='lat' dir='ltr'>atque</span> <span class='ocrx_word' id='word_1_227' title='bbox 265 2303 414 2357; x_wconf 86' lang='lat' dir='ltr'>aliquis</span> <span class='ocrx_word' id='word_1_228' title='bbox 441 2304 543 2344; x_wconf 90' lang='lat' dir='ltr'>‘iam</span> <span class='ocrx_word' id='word_1_229' title='bbox 568 2319 681 2346; x_wconf 88' lang='lat' dir='ltr'>nune</span> <span class='ocrx_word' id='word_1_230' title='bbox 705 2305 849 2346; x_wconf 85' lang='lat' dir='ltr'>doctas</span> <span class='ocrx_word' id='word_1_231' title='bbox 876 2305 960 2346; x_wconf 86' lang='lat' dir='ltr'>eat’</span> <span class='ocrx_word' id='word_1_232' title='bbox 987 2305 1123 2359; x_wconf 88' lang='lat' dir='ltr'>inquit</span> <span class='ocrx_word' id='word_1_233' title='bbox 1149 2305 1374 2346; x_wconf 79' lang='lat' dir='ltr'>‘Athe11as:</span> 
     </span>
     <span class='ocr_line' id='line_1_38' title="bbox 172 2360 1160 2416; baseline 0.003 -16"><span class='ocrx_word' id='word_1_234' title='bbox 172 2360 424 2415; x_wconf 81' lang='lat' dir='ltr'>armigeram</span> <span class='ocrx_word' id='word_1_235' title='bbox 448 2361 643 2402; x_wconf 85' lang='lat' dir='ltr'>Thracen</span> <span class='ocrx_word' id='word_1_236' title='bbox 668 2361 741 2415; x_wconf 90' lang='lat' dir='ltr'>qui</span> <span class='ocrx_word' id='word_1_237' title='bbox 765 2369 898 2416; x_wconf 88' lang='lat' dir='ltr'>regat,</span> <span class='ocrx_word' id='word_1_238' title='bbox 925 2363 1030 2403; x_wconf 88' lang='lat' dir='ltr'>alter</span> <span class='ocrx_word' id='word_1_239' title='bbox 1054 2361 1160 2403; x_wconf 86' lang='lat' dir='ltr'>erit.’</span> 
     </span>
    </p>

    <p class='ocr_par' dir='ltr' id='par_1_21' title="bbox 116 2416 1210 2529">
     <span class='ocr_line' id='line_1_39' title="bbox 116 2416 1210 2473; baseline 0.002 -16"><span class='ocrx_word' id='word_1_240' title='bbox 116 2416 251 2458; x_wconf 84' lang='lat' dir='ltr'>exitus</span> <span class='ocrx_word' id='word_1_241' title='bbox 278 2423 372 2457; x_wconf 81' lang='lat' dir='ltr'>acta</span> <span class='ocrx_word' id='word_1_242' title='bbox 397 2417 573 2471; x_wconf 84' lang='lat' dir='ltr'>probat?</span> <span class='ocrx_word' id='word_1_243' title='bbox 622 2424 762 2458; x_wconf 86' lang='lat' dir='ltr'>careat</span> <span class='ocrx_word' id='word_1_244' title='bbox 787 2418 1071 2467; x_wconf 79' lang='lat' dir='ltr'>successibus,</span> <span class='ocrx_word' id='word_1_245' title='bbox 1098 2425 1210 2473; x_wconf 91' lang='lat' dir='ltr'>opto,</span> 
     </span>
     <span class='ocr_line' id='line_1_40' title="bbox 173 2472 1126 2529; baseline 0.003 -17"><span class='ocrx_word' id='word_1_246' title='bbox 173 2472 361 2526; x_wconf 88' lang='lat' dir='ltr'>quisquis</span> <span class='ocrx_word' id='word_1_247' title='bbox 388 2473 441 2513; x_wconf 90' lang='lat' dir='ltr'>ab</span> <span class='ocrx_word' id='word_1_248' title='bbox 467 2480 621 2514; x_wconf 83' lang='lat' dir='ltr'>eventu</span> <span class='ocrx_word' id='word_1_249' title='bbox 645 2473 758 2514; x_wconf 84' lang='lat' dir='ltr'>facta</span> <span class='ocrx_word' id='word_1_250' title='bbox 782 2475 968 2515; x_wconf 86' lang='lat' dir='ltr'>notanda</span> <span class='ocrx_word' id='word_1_251' title='bbox 993 2481 1126 2529; x_wconf 86' lang='lat' dir='ltr'>putat.</span> 
     </span>
    </p>

    <p class='ocr_par' dir='ltr' id='par_1_22' title="bbox 117 2529 1139 2635">
     <span class='ocr_line' id='line_1_41' title="bbox 117 2529 1139 2584; baseline 0.003 -15"><span class='ocrx_word' id='word_1_252' title='bbox 117 2537 159 2570; x_wconf 86' lang='lat' dir='ltr'>at.</span> <span class='ocrx_word' id='word_1_253' title='bbox 185 2529 218 2569; x_wconf 91' lang='lat' dir='ltr'>si</span> <span class='ocrx_word' id='word_1_254' title='bbox 243 2536 386 2569; x_wconf 88' lang='lat' dir='ltr'>nostra</span> <span class='ocrx_word' id='word_1_255' title='bbox 410 2536 482 2570; x_wconf 89' lang='lat' dir='ltr'>tuo</span> <span class='ocrx_word' id='word_1_256' title='bbox 508 2537 777 2584; x_wconf 88' lang='lat' dir='ltr'>spumescant</span> <span class='ocrx_word' id='word_1_257' title='bbox 802 2543 986 2584; x_wconf 87' lang='lat' dir='ltr'>aequora</span> <span class='ocrx_word' id='word_1_258' title='bbox 1010 2545 1139 2580; x_wconf 90' lang='lat' dir='ltr'>remo,</span> 
     </span>
     <span class='ocr_line' id='line_1_42' title="bbox 173 2585 1077 2635; baseline 0.003 -9"><span class='ocrx_word' id='word_1_259' title='bbox 173 2586 258 2626; x_wconf 84' lang='lat' dir='ltr'>iam</span> <span class='ocrx_word' id='word_1_260' title='bbox 282 2585 404 2635; x_wconf 87' lang='lat' dir='ltr'>mihi,</span> <span class='ocrx_word' id='word_1_261' title='bbox 428 2586 512 2626; x_wconf 84' lang='lat' dir='ltr'>iam</span> <span class='ocrx_word' id='word_1_262' title='bbox 539 2586 654 2627; x_wconf 88' lang='lat' dir='ltr'>dicar</span> <span class='ocrx_word' id='word_1_263' title='bbox 677 2587 935 2629; x_wconf 86' lang='lat' dir='ltr'>consuluisse</span> <span class='ocrx_word' id='word_1_264' title='bbox 960 2587 1077 2629; x_wconf 87' lang='lat' dir='ltr'>meis.</span> 
     </span>
    </p>

    <p class='ocr_par' dir='ltr' id='par_1_23' title="bbox 117 2642 1190 2755">
     <span class='ocr_line' id='line_1_43' title="bbox 117 2642 1190 2700; baseline 0.003 -17"><span class='ocrx_word' id='word_1_265' title='bbox 117 2642 190 2683; x_wconf 90' lang='lat' dir='ltr'>sed</span> <span class='ocrx_word' id='word_1_266' title='bbox 216 2656 354 2696; x_wconf 86' lang='lat' dir='ltr'>neque</span> <span class='ocrx_word' id='word_1_267' title='bbox 380 2642 591 2692; x_wconf 88' lang='lat' dir='ltr'>consului,</span> <span class='ocrx_word' id='word_1_268' title='bbox 616 2657 694 2684; x_wconf 87' lang='lat' dir='ltr'>nec</span> <span class='ocrx_word' id='word_1_269' title='bbox 719 2650 759 2685; x_wconf 84' lang='lat' dir='ltr'>te</span> <span class='ocrx_word' id='word_1_270' title='bbox 784 2658 878 2685; x_wconf 86' lang='lat' dir='ltr'>mea</span> <span class='ocrx_word' id='word_1_271' title='bbox 903 2644 1020 2699; x_wconf 89' lang='lat' dir='ltr'>regia</span> <span class='ocrx_word' id='word_1_272' title='bbox 1045 2652 1190 2700; x_wconf 86' lang='lat' dir='ltr'>tanget</span> 
     </span>
     <span class='ocr_line' id='line_1_44' title="bbox 174 2699 1139 2755; baseline 0.004 -16"><span class='ocrx_word' id='word_1_273' title='bbox 174 2699 371 2753; x_wconf 83' lang='lat' dir='ltr'>fessaque</span> <span class='ocrx_word' id='word_1_274' title='bbox 396 2699 589 2740; x_wconf 86' lang='lat' dir='ltr'>Bistonia</span> <span class='ocrx_word' id='word_1_275' title='bbox 613 2700 804 2742; x_wconf 89' lang='lat' dir='ltr'>membra</span> <span class='ocrx_word' id='word_1_276' title='bbox 827 2700 989 2742; x_wconf 83' lang='lat' dir='ltr'>lavabis</span> <span class='ocrx_word' id='word_1_277' title='bbox 1016 2716 1139 2755; x_wconf 81' lang='lat' dir='ltr'>aqua.</span> 
     </span>
    </p>

    <p class='ocr_par' dir='ltr' id='par_1_24' title="bbox 118 2755 1103 2812">
     <span class='ocr_line' id='line_1_45' title="bbox 118 2755 1103 2812; baseline 0.004 -17"><span class='ocrx_word' id='word_1_278' title='bbox 118 2755 190 2796; x_wconf 87' lang='lat' dir='ltr'>illa</span> <span class='ocrx_word' id='word_1_279' title='bbox 213 2755 316 2797; x_wconf 89' lang='lat' dir='ltr'>meis</span> <span class='ocrx_word' id='word_1_280' title='bbox 342 2756 471 2798; x_wconf 88' lang='lat' dir='ltr'>oculis</span> <span class='ocrx_word' id='word_1_281' title='bbox 497 2756 657 2812; x_wconf 86' lang='lat' dir='ltr'>species</span> <span class='ocrx_word' id='word_1_282' title='bbox 684 2757 876 2800; x_wconf 82' lang='lat' dir='ltr'>abeuntis</span> <span class='ocrx_word' id='word_1_283' title='bbox 902 2757 1103 2808; x_wconf 84' lang='lat' dir='ltr'>inhaeret,</span> 
     </span>
    </p>
   </div>
   <div class='ocr_carea' id='block_1_3' title="bbox 1497 448 1539 477">
    <p class='ocr_par' dir='ltr' id='par_1_25' title="bbox 1497 448 1539 477">
     <span class='ocr_line' id='line_1_46' title="bbox 1497 448 1539 477; baseline 0 0"><span class='ocrx_word' id='word_1_284' title='bbox 1497 448 1539 477; x_wconf 83' lang='lat'>50</span> 
     </span>
    </p>
   </div>
   <div class='ocr_carea' id='block_1_4' title="bbox 1497 731 1537 761">
    <p class='ocr_par' dir='ltr' id='par_1_26' title="bbox 1497 731 1537 761">
     <span class='ocr_line' id='line_1_47' title="bbox 1497 731 1537 761; baseline 0 0"><span class='ocrx_word' id='word_1_285' title='bbox 1497 731 1537 761; x_wconf 81' lang='lat'>55</span> 
     </span>
    </p>
   </div>
   <div class='ocr_carea' id='block_1_5' title="bbox 1500 1013 1541 1044">
    <p class='ocr_par' dir='ltr' id='par_1_27' title="bbox 1500 1013 1541 1044">
     <span class='ocr_line' id='line_1_48' title="bbox 1500 1013 1541 1044; baseline 0 0"><span class='ocrx_word' id='word_1_286' title='bbox 1500 1013 1541 1044; x_wconf 89' lang='grc'>60</span> 
     </span>
    </p>
   </div>
   <div class='ocr_carea' id='block_1_6' title="bbox 1500 1297 1541 1328">
    <p class='ocr_par' dir='ltr' id='par_1_28' title="bbox 1500 1297 1541 1328">
     <span class='ocr_line' id='line_1_49' title="bbox 1500 1297 1541 1328; baseline 0 0"><span class='ocrx_word' id='word_1_287' title='bbox 1500 1297 1541 1328; x_wconf 84' lang='grc'>65</span> 
     </span>
    </p>
   </div>
   <div class='ocr_carea' id='block_1_7' title="bbox 1502 1582 1543 1613">
    <p class='ocr_par' dir='ltr' id='par_1_29' title="bbox 1502 1582 1543 1613">
     <span class='ocr_line' id='line_1_50' title="bbox 1502 1582 1543 1613; baseline 0.049 -2"><span class='ocrx_word' id='word_1_288' title='bbox 1502 1582 1543 1613; x_wconf 86' lang='grc'>70</span> 
     </span>
    </p>
   </div>
   <div class='ocr_carea' id='block_1_8' title="bbox 1504 2149 1546 2179">
    <p class='ocr_par' dir='ltr' id='par_1_30' title="bbox 1504 2149 1546 2179">
     <span class='ocr_line' id='line_1_51' title="bbox 1504 2149 1546 2179; baseline 0 0"><span class='ocrx_word' id='word_1_289' title='bbox 1504 2149 1546 2179; x_wconf 77' lang='grc'>80</span> 
     </span>
    </p>
   </div>
   <div class='ocr_carea' id='block_1_9' title="bbox 1507 2432 1547 2463">
    <p class='ocr_par' dir='ltr' id='par_1_31' title="bbox 1507 2432 1547 2463">
     <span class='ocr_line' id='line_1_52' title="bbox 1507 2432 1547 2463; baseline -0.05 0"><span class='ocrx_word' id='word_1_290' title='bbox 1507 2432 1547 2463; x_wconf 75' lang='grc'>85</span> 
     </span>
    </p>
   </div>
   <div class='ocr_carea' id='block_1_10' title="bbox 1510 2716 1552 2747">
    <p class='ocr_par' dir='ltr' id='par_1_32' title="bbox 1510 2716 1552 2747">
     <span class='ocr_line' id='line_1_53' title="bbox 1510 2716 1552 2747; baseline 0.024 -1"><span class='ocrx_word' id='word_1_291' title='bbox 1510 2716 1552 2747; x_wconf 85' lang='grc'>90</span> 
     </span>
    </p>
   </div>
  </div>
 </body>
</html>
