1831 3168
386 206 606 242 AMORUM
630 206 727 240 LIB.
754 205 782 240 Ι.
809 204 916 250 XIII,
941 204 1117 249 33-XV,
1144 204 1197 239 14.

116 287 201 329 vim
226 287 371 342 procul
397 287 493 328 hinc
517 302 699 329 remove.
759 300 843 327 non
868 293 948 335 est,
974 286 1046 340 qui
1071 285 1222 328 debeat
1247 285 1330 326 uri:

176 343 313 385 erudit
338 343 526 384 admotas
552 344 641 398 ipse
667 343 841 398 capillus
867 343 994 384 acus!

119 400 326 442 formosae
351 400 510 454 periere
537 414 699 449 comae,
727 413 831 453 quas
856 399 981 440 vellet
1005 399 1176 453 Apollo,

175 470 279 509 quas
305 457 430 498 vellet
455 456 579 510 capiti
605 455 798 498 Bacchus
823 455 958 496 inesse
985 469 1074 496 suo.

118 513 198 552 illis
224 513 488 561 contulerim,
515 527 620 566 quas
646 512 858 565 quondam
883 511 997 552 nuda
1021 511 1163 552 Dione

175 569 363 623 pingitur
386 569 546 610 umenti
572 569 816 609 sustinuisse
841 582 982 608 manu.

120 625 221 678 quid
247 626 353 666 male
379 625 601 679 dispositos
626 624 811 678 quereris
837 623 1009 678 periisse
1034 623 1231 677 capillos?

176 681 276 735 quid
302 682 520 736 speculum
545 689 704 721 maesta
728 679 867 734 ponis,
892 679 1052 733 inepta,
1078 680 1230 720 manu?

118 752 202 778 non
227 737 334 778 bene
360 736 568 778 consuetis
594 751 618 776 a
642 744 682 776 te
707 734 909 790 spectaris
934 734 1096 775 ocellis:

176 802 221 834 ut
246 794 434 848 placeas,
460 792 588 833 debes
612 791 833 832 immemor
857 804 947 832 esse
972 790 1045 830 tui.

118 863 202 891 non
228 858 268 891 te
294 856 485 890 cantatae
509 849 720 889 laeserunt
743 846 914 902 paelicis
938 845 1106 894 herbae,

175 920 260 946 non
285 920 390 946 anus
415 904 652 946 Haemonia
675 903 836 958 perfida
859 902 962 943 lavit
985 916 1109 955 aqua,

118 976 195 1004 nec
220 962 296 1002 tibi
320 961 383 1003 vis
408 961 544 1002 morbi
568 961 710 1002 nocuit
734 959 899 1015 (procul
924 972 1047 1000 omen
1073 958 1251 1013 abesto),

175 1033 253 1060 nec
278 1018 428 1059 minuit
452 1018 604 1059 densas
627 1017 770 1058 invida
794 1016 938 1071 lingua
963 1029 1123 1056 comas:

119 1075 232 1117 facta
256 1090 383 1116 manu
409 1075 616 1129 culpaque
642 1082 715 1114 tua
739 1072 960 1127 dispendia
983 1071 1126 1120 sentis,

175 1132 266 1186 ipsa
292 1131 423 1172 dabas
449 1130 575 1185 capiti
601 1130 731 1170 mixta
754 1143 917 1171 venena
940 1136 1026 1169 tuo.

120 1203 231 1229 nunc
256 1188 331 1228 tibi
357 1187 545 1242 captivos
570 1186 705 1228 mittet
732 1184 963 1227 Germania
987 1184 1142 1226 crines:

177 1252 268 1285 tuta
293 1243 572 1298 triumphatae
597 1257 769 1284 munere
794 1242 931 1297 gentis
958 1241 1051 1283 eris.

121 1315 144 1342 o
170 1314 297 1354 quam
322 1315 447 1355 saepe
473 1314 614 1341 comas
641 1299 780 1353 aliquo
806 1299 981 1340 mirante
1005 1297 1192 1347 rubebis,

159 1366 217 1398 vet
243 1357 355 1398 dices
382 1361 544 1411 ‘empta
568 1370 680 1397 nunc
706 1371 785 1411 ego
811 1369 948 1397 merce
973 1355 1140 1410 probor.

120 1413 262 1455 nescio
287 1427 414 1467 quam
438 1427 514 1468 pro
539 1428 606 1454 me
630 1413 775 1454 laudat
799 1426 911 1453 nunc
934 1412 1013 1453 iste
1040 1410 1343 1467 Sygambram:

177 1470 292 1511 fama
315 1478 456 1511 tamen
480 1469 651 1511 memini
677 1483 772 1511 cum
797 1469 878 1510 fuit
900 1468 980 1509 ista
1004 1468 1125 1509 mea.'

122 1541 189 1568 me
215 1526 431 1567 miserum!
468 1526 662 1567 lacrimas
688 1526 795 1567 male
821 1525 1025 1573 continet,
1051 1538 1207 1578 oraque
1232 1523 1379 1566 dextra

177 1583 379 1638 protegit,
404 1582 609 1637 ingenuas
633 1582 747 1637 picta
771 1581 923 1623 rubore
947 1596 1092 1636 genas.

123 1640 299 1681 sustinet
324 1639 518 1692 antiquos
543 1638 703 1693 gremio
729 1646 973 1692 spectatque
999 1637 1185 1693 capillos,

181 1696 217 1737 ei
243 1695 365 1744 mihi,
389 1709 474 1736 non
499 1695 570 1736 illo
595 1709 771 1735 munera
795 1694 924 1749 digna
947 1694 1052 1736 loco.

123 1752 272 1806 collige
299 1766 395 1793 eum
419 1751 537 1792 vultu
562 1750 762 1792 mentem!
800 1750 1034 1805 reparabile
1061 1750 1262 1792 damnum
1288 1758 1363 1792 est.

180 1808 402 1864 postmodo
427 1809 571 1849 nativa
596 1807 850 1862 conspiciere
875 1821 1006 1848 coma.

752 1908 856 1951 XV.

124 1977 240 2030 Quid
264 1977 387 2027 mihi,
412 1977 519 2018 livor
543 1977 670 2026 edax,
696 1976 872 2032 ignavos
898 1976 1028 2017 obicis
1055 1990 1186 2017 annos

179 2034 420 2090 ingeniique
445 2048 571 2075 vocas
597 2048 766 2075 carmen
790 2033 932 2075 inertis
958 2033 1089 2088 opus?

122 2105 207 2132 non
230 2106 298 2132 me
322 2105 438 2132 more
462 2098 651 2145 patrum,
677 2090 779 2131 dum
804 2100 971 2131 strenua
996 2089 1173 2131 sustinet
1198 2096 1327 2139 aetas,

179 2147 367 2202 praemia
390 2147 562 2188 militiae
587 2147 880 2202 pulverulenta
903 2146 1037 2199 sequi,

123 2218 202 2246 nec
226 2218 293 2245 me
317 2203 516 2245 verbosas
540 2204 655 2258 leges
681 2203 886 2251 ediscere,
912 2216 990 2244 nec
1015 2216 1082 2243 me

181 2260 346 2314 ingrato
372 2273 519 2301 vocem
542 2259 803 2314 prostituisse
827 2258 945 2299 foro?

124 2315 300 2357 mortale
325 2323 406 2364 est,
432 2316 545 2369 quod
569 2315 754 2369 quaeris,
780 2329 904 2369 opus:
929 2314 1031 2355 mihi
1055 2314 1170 2356 fama
1193 2314 1386 2370 perennis

183 2371 412 2426 quaeritur,
436 2372 480 2412 in
504 2379 591 2413 toto
616 2386 781 2425 semper
804 2379 851 2411 ut
875 2370 976 2412 orbe
1001 2385 1140 2411 canar.

126 2429 240 2470 vivet
263 2427 533 2476 Maeonides,
558 2427 754 2469 Tenedos
779 2427 880 2467 dum
905 2426 1031 2468 stabit
1056 2435 1097 2468 et
1120 2426 1211 2475 Ide,

184 2485 286 2526 dum
309 2484 476 2539 rapidas
503 2482 657 2525 Simois
682 2484 726 2524 in
749 2498 863 2524 mare
887 2483 1029 2525 volvet
1053 2497 1197 2537 aquas.

127 2542 241 2584 vivet
266 2550 305 2582 et
331 2541 564 2589 Ascraeus,
591 2540 691 2581 dum
715 2539 863 2581 mustis
887 2554 972 2580 uva
996 2539 1187 2588 tumebit,

185 2599 287 2640 dum
312 2596 434 2638 cadet
456 2597 630 2638 incurva
653 2596 762 2638 falce
786 2603 948 2637 resecta
973 2610 1101 2638 ceres.

129 2653 348 2697 Battiades
374 2668 538 2708 semper
562 2660 648 2694 toto
673 2652 910 2694 cantabitur
934 2652 1055 2694 orbe:

185 2709 378 2765 quamvis
402 2709 572 2765 ingenio
596 2723 681 2751 non
705 2709 834 2759 valet,
860 2716 948 2751 arte
971 2709 1096 2750 valet.

198 2777 274 2805 Ovidi
287 2777 334 2803 rol.
348 2777 372 2803 Ι.
1241 2774 1262 2810 7

1425 195 1477 237 97

1506 356 1549 387 30

1508 637 1549 667 35

1509 918 1552 947 40

1510 1200 1552 1229 45

1510 1481 1553 1512 50

1512 1765 1553 1794 55

1517 2498 1558 2528 10
