1831 3168
403 229 676 267 HEROIDUM
700 230 768 265 XI.
794 230 962 265 60-128.
988 230 1077 265 ΧΠ.
1101 230 1225 266 1-17.

186 326 235 353 ac
261 325 380 352 meus
405 326 457 352 ex
482 311 561 352 isto
586 311 723 353 luceat
750 311 847 366 igne
873 310 1019 366 rogusl

127 368 275 410 nubite
300 368 445 409 felices
470 367 609 410 Parca
634 369 804 410 meliore
830 382 1006 417 sorores,

185 425 363 465 amissae
390 438 596 466 memores
622 425 696 466 sed
722 433 862 466 tamen
887 433 975 466 este
1001 423 1096 466 mei.

128 481 230 536 quid
255 496 361 537 puer
386 481 554 522 admisit
580 489 664 522 tam
690 482 835 536 paucis
861 481 997 522 editus
1024 481 1160 522 horis?

185 552 269 591 quo
294 537 414 579 laesit
438 538 550 579 facto
576 538 645 578 v1x
672 538 778 579 bene
804 547 927 578 natus
953 538 1106 578 avum?

128 595 162 635 si
188 595 323 649 potuit
349 595 551 636 meruisse
576 608 743 641 necem,
769 594 971 635 meruisse
998 602 1187 648 putetur:

185 651 228 692 al
267 651 392 692 miser
416 651 600 691 admisso
625 651 821 705 plectitur
845 651 912 691 ille
939 650 1051 691 meo!

128 717 244 756 nate,
272 708 390 748 dolor
413 707 577 754 matris,
603 707 845 761 rapidarum
870 707 1028 761 praeda
1051 706 1251 757 ferarum,

186 765 223 805 ei
248 764 370 811 mihi,
396 764 524 804 natali
550 763 776 804 dilacerate
802 771 895 803 tuo:

126 829 242 869 nate,
268 835 419 875 parum
444 819 573 860 fausti
598 819 835 861 miserabile
862 819 1016 873 pignus
1042 820 1217 861 amoris:

183 877 287 918 haec
312 876 386 918 tibi
412 876 548 931 prima
573 876 680 923 dies,
706 876 810 917 haec
836 876 912 916 tibi
937 890 1102 916 summa
1126 876 1220 917 fuit.

124 948 208 974 non
233 933 336 974 mihi
362 941 402 974 te
426 933 545 974 licuit
568 933 751 974 lacrimis
778 932 1033 988 perfundere
1057 933 1192 982 iustis,

181 991 225 1031 in
251 998 323 1031 tua
348 1004 433 1031 non
459 1000 600 1031 tonsas
626 990 736 1031 ferre
763 989 987 1044 sepulchra
1013 1003 1175 1036 comasz

124 1061 208 1088 non
235 1062 362 1102 super
385 1046 578 1096 incubui,
604 1062 689 1088 non
714 1047 858 1088 oscula
884 1046 1040 1100 frigida
1064 1047 1221 1102 carpsi:

182 1104 383 1159 diripiunt
409 1104 558 1145 avidae
585 1104 746 1145 viscera
770 1111 914 1144 nostra
938 1105 1066 1145 ferae.

122 1160 216 1216 ipsa
241 1175 410 1214 quoque
435 1161 608 1202 infantis
634 1175 731 1202 cum
757 1161 928 1202 vulnere
955 1174 1187 1215 prosequar
1211 1161 1402 1210 umbras:

179 1232 258 1259 nec
282 1226 418 1259 mater
442 1218 562 1259 fuero
588 1218 700 1258 dicta
723 1231 802 1259 nec
827 1217 931 1258 orba
957 1217 1042 1258 diu.

122 1281 168 1315 tu
194 1282 355 1324 tamen,
382 1288 406 1315 0
430 1274 588 1316 frustra
612 1274 789 1316 miserae
816 1282 980 1329 sperate
1007 1274 1153 1324 sorori,

179 1345 346 1386 sparsa,
372 1346 533 1386 precor,
559 1331 647 1372 nati
673 1331 824 1386 collige
849 1330 1040 1372 membra
1065 1332 1140 1380 tui,

122 1393 163 1428 et
187 1387 298 1430 refer
323 1388 377 1429 ad
401 1396 580 1430 matrem
606 1388 803 1442 socioque
828 1388 984 1443 inpone
1010 1388 1247 1443 sepulchro,

147 1456 149 1458 ·
177 1459 368 1498 urnaque
392 1459 469 1486 nos
496 1445 649 1487 habeat
673 1445 908 1499 quamlibet
933 1454 1024 1486 arta
1049 1446 1168 1487 duos.

121 1501 217 1544 vive
242 1516 403 1543 memor
426 1502 558 1543 nostri
580 1502 860 1556 lacrimasque
884 1502 928 1543 in
953 1502 1130 1544 vulnera
1153 1502 1298 1553 funde,

177 1574 284 1601 neve
309 1559 538 1600 reformida
563 1573 714 1613 corpus
740 1559 919 1600 amantis
945 1574 1104 1600 amans.

121 1622 186 1665 tu,
212 1630 336 1670 rogo,
363 1615 541 1657 dilectae
566 1616 743 1656 nimium
768 1616 969 1656 mandata
994 1616 1148 1657 sororis

177 1673 337 1727 perfer:
365 1672 611 1713 mandatum
635 1686 866 1728 persequar
889 1673 982 1727 ipsa
1005 1673 1150 1727 patris.

748 1769 858 1810 XII.

119 1846 180 1887 At
206 1845 281 1886 tibi
308 1843 566 1886 Colchorum
590 1868 648 1874 —-
671 1844 843 1885 memini
867 1869 924 1874 —
947 1845 1095 1900 regina
1118 1845 1279 1895 vacavi,

178 1917 244 1943 ars
268 1917 363 1943 mea
388 1916 483 1942 cum
509 1909 672 1956 peteres
698 1908 745 1942 ut
769 1901 844 1942 tibi
870 1900 998 1943 ferret
1023 1902 1165 1956 opem!

119 1967 220 2001 tunc
245 1973 353 2013 quae
380 1959 625 2013 dispensant
650 1957 845 1999 mortalia
870 1958 959 1999 fata
984 1973 1147 2000 sorores

178 2016 409 2058 debuerant
435 2017 553 2057 fusos
580 2015 789 2057 evoluisse
813 2030 950 2064 meos3

119 2082 208 2115 tum
234 2073 352 2128 potui
378 2073 536 2114 Medea
560 2072 667 2113 mori
692 2072 812 2114 bene.
873 2072 1082 2126 quidquid
1107 2072 1160 2114 ab
1185 2072 1256 2114 illo

175 2129 356 2185 produxi
381 2130 511 2170 vitam
536 2138 744 2184 tempore,
770 2143 908 2184 poena
932 2129 1026 2170 fuit.

120 2187 157 2228 ei
182 2186 302 2228 mihi!
342 2201 416 2228 cur
441 2201 642 2240 umquam
668 2186 935 2228 iuvenalibus
961 2194 1055 2228 acta
1078 2186 1245 2228 lacertis

175 2243 404 2285 Plu-ixeam
431 2244 550 2298 petiit
574 2243 716 2285 Pelias
743 2244 868 2284 arbor
893 2243 1044 2285 ovem?

121 2315 195 2342 cur
220 2315 421 2354 umquam
449 2298 601 2342 Colchi
625 2300 879 2355 Magnetida
904 2300 1087 2341 vidimus
1113 2300 1249 2355 Argo,

177 2357 385 2410 turbaque
415 2357 666 2399 Phasiacam
693 2357 826 2399 Graia
849 2357 1014 2398 bibistis
1041 2357 1222 2410 aquam?

121 2429 197 2456 cur
220 2414 323 2454 mihi
349 2414 442 2468 plus
469 2427 604 2467 aequo
628 2414 728 2455 flavi
752 2415 947 2468 placuere
974 2414 1115 2468 capilli

179 2479 220 2512 et
245 2470 372 2511 decor
397 2478 438 2510 et
462 2470 632 2524 linguae
658 2471 794 2525 gratia
818 2470 916 2511 ficta
941 2470 1064 2511 tuae?

122 2536 195 2569 aut
220 2528 349 2569 semel
374 2526 419 2567 in
442 2535 608 2568 nostras
634 2526 833 2581 quoniam
857 2540 970 2567 nova
994 2526 1148 2582 puppis
1174 2525 1353 2569 harenas

178 2591 351 2626 venerat
376 2583 548 2625 audacis
575 2584 855 2637 attuleratque
882 2584 1007 2633 viros,

120 2641 221 2683 isset
248 2641 465 2683 anhelatos
490 2655 573 2682 non
600 2641 934 2696 praemedicatus
960 2640 1003 2681 in
1028 2640 1148 2696 ignes

177 2699 397 2740 immemor
422 2698 660 2739 Aesonides
686 2712 842 2752 oraque
869 2698 1034 2739 adunca
1061 2697 1206 2740 boum!

123 2756 283 2798 semina
306 2756 472 2797 iecisset
496 2755 775 2809 (totidemque
802 2764 842 2796 et
867 2755 1027 2797 semina
1052 2763 1092 2798 et
1116 2755 1291 2810 hostes),

1443 222 1500 265 39

1526 384 1590 414 10:-

1525 667 1589 698 110

1525 949 1587 980 115

1523 1232 1587 1264 120

1521 1518 1584 1549 125

1460 1857 1585 1891 Medea

1447 1904 1530 1937 Iaso
1535 1914 1555 1935 n
1562 1903 1583 1936 i.

1518 2372 1560 2403 10

1518 2655 1560 2687 15
