1831 3168
340 199 398 241 44
800 208 842 242 Ρ.
869 208 1013 244 ovim
1039 207 1255 244 NASONJS

399 290 506 332 adde
531 290 657 331 fidem
683 289 804 330 dictis
830 289 1116 342 auxiliumque
1142 290 1263 331 1··.efcl

255 360 317 391 195
344 361 428 388 non
455 361 534 401 ego
561 354 600 387 te
626 346 804 400 imploro
829 354 975 387 contra
999 353 1226 399 taurosque
1253 347 1467 404 virosque,

398 411 530 457 utque
557 410 629 443 tua
653 417 824 457 serpens
850 402 962 443 victa
986 401 1190 467 quiescat
1199 417 1299 458 ope:

342 468 381 501 te
407 467 523 514 peto,
550 472 676 512 quem
702 458 856 507 merui,
883 472 1007 512 quem
1033 458 1190 500 nobis
1180 474 1268 513 ipse
1295 460 1459 511 dedisti,

398 530 492 556 cum
519 529 603 569 quo
630 530 722 555 sum
749 515 904 570 pariter
929 515 1042 556 facta
1066 524 1240 570 parente
1266 531 1431 571 parens.

342 572 417 612 dos
442 572 516 612 ubi
541 572 612 619 sit,
639 571 833 625 quaeris?
859 585 1006 626 campo
1031 572 1344 614 numeravimus
1370 574 1454 622 illo,

249 642 315 672 200
398 628 470 682 qui
496 628 571 668 tibi
596 629 732 669 laturo
757 628 891 669 vellus
917 628 1100 669 arandus
1127 636 1228 670 erat.

341 699 494 726 aureus
518 685 587 725 ille
613 685 720 726 aries
747 685 845 726 villo
871 684 1112 739 spectabilis
1139 699 1278 734 aureo,

397 741 472 782 dos
498 756 604 782 mea.
665 741 832 795 ‘'quam
860 742 996 782 dicam
1022 741 1055 782 si
1082 741 1157 782 tibi
1183 742 1365 792 ‘',redde
1391 758 1533 798 nefrcs.

340 798 414 839 dos
440 813 535 839 mea
558 806 602 838 tu
629 812 785 852 sospes.
847 798 921 838 dos
947 805 1010 839 est
1034 813 1129 839 mea
1155 797 1287 839 Graia
1312 799 1521 841 iuventus.

395 854 409 894 i
434 869 564 903 nuuc,
592 853 832 908 Sisyphias,
859 854 1070 908 impr,obe
1096 855 1240 896 confer
1265 869 1379 910 opes.

248 923 312 954 205
340 911 453 965 quod
479 911 604 960 vivis,
631 911 744 964 quod
769 910 900 952 habes
926 919 1102 964 nuptam
1127 925 1402 964 socerumque
1428 912 1623 966 potentis,

395 967 475 1009 hoc
500 968 659 1021 ipsum,
684 968 874 1021 ingratus
900 967 1014 1021 quod
1039 974 1158 1021 potes
1184 981 1297 1016 esse,
1323 982 1465 1008 meum
1491 977 1566 1009 est.

339 1038 444 1078 quos
469 1024 664 1078 equidem
691 1031 881 1064 actutum
905 1047 962 1052 ——
986 1023 1061 1064 scd
1086 1023 1188 1076 quid
1213 1024 1454 1077 praedicere
1479 1038 1659 1079 poenam

395 1080 568 1122 attinet?
598 1080 781 1135 ingentis
806 1079 985 1135 parturit
1009 1079 1071 1119 ira
1095 1079 1242 1120 minas.

338 1151 421 1192 quo
446 1137 552 1179 feret
576 1137 656 1184 ira,
683 1151 847 1190 sequar.
908 1135 1010 1177 facti
1034 1135 1213 1177 fortasse
1237 1136 1419 1191 pigebit:

247 1205 314 1237 210
395 1201 437 1235 et
461 1194 578 1259 piget
601 1193 730 1234 infido
757 1193 1017 1234 consuluisse
1042 1192 1145 1233 viro.

337 1250 488 1292 viderit
512 1251 593 1291 ista
618 1251 740 1298 deus,
767 1250 840 1303 qui
864 1263 977 1290 nunc
1002 1264 1096 1290 mea
1120 1256 1291 1313 pectora
1315 1257 1467 1291 xersat.

393 1306 535 1348 nescio
561 1307 662 1361 quid
688 1314 799 1348 certe
825 1321 942 1347 mens
969 1320 1063 1347 mea
1087 1305 1223 1346 maius
1249 1306 1349 1360 agit.

955 1407 1088 1448 XIII.

336 1476 471 1517 Mittit
497 1483 538 1517 et
557 1483 673 1531 optat
698 1491 857 1524 amans,
884 1489 967 1529 quo
992 1475 1182 1524 mittitur,
1209 1475 1268 1516 ire
1295 1475 1472 1517 salutem
1509 1486 1704 1520 Laodamia

394 1533 627 1574 Haemonis
653 1532 892 1573 Haemonio
918 1532 1154 1572 Laodamia
1178 1532 1281 1572 viro.
1496 1532 1702 1566 Protesilao.

335 1589 495 1630 Aulide
520 1596 560 1630 te
584 1589 700 1630 fama
724 1596 787 1630 est
812 1596 938 1630 vento
963 1588 1169 1630 retinente
1193 1588 1366 1628 morari:

394 1645 437 1687 a!
475 1661 543 1687 me
569 1660 665 1686 cum
690 1645 880 1700 fugeres,
907 1645 975 1686 hic
1001 1645 1073 1685 ubi
1097 1652 1246 1686 ventus
1271 1645 1385 1686 erat?

288 1715 310 1744 5
336 1709 426 1743 tum
452 1702 560 1744 freta
585 1702 818 1744 debuerant
843 1701 992 1743 vestris
1018 1701 1221 1743 obsistere
1245 1701 1384 1750 remis,

392 1759 497 1800 illud
522 1766 610 1801 erat
636 1759 772 1800 saevis
797 1759 898 1799 utile
923 1766 1089 1813 tempus
1115 1758 1248 1812 aquis.

336 1816 481 1857 oscula
505 1816 627 1870 plura
651 1816 740 1856 viro
766 1815 1050 1868 mandataque
1075 1815 1197 1869 plura
1222 1814 1451 1855 dedissem:

393 1880 433 1914 et
459 1880 556 1913 sunt
581 1875 690 1925 quae
715 1872 830 1912 volui
857 1872 993 1912 dicere
1019 1871 1151 1911 multa
1175 1871 1263 1911 tibi.

336 1936 482 1983 raptus
509 1944 552 1970 es
579 1928 676 1970 hinc
702 1943 924 1983 praeceps,
951 1935 991 1968 et
1017 1927 1090 1980 qui
1115 1935 1187 1968 tua
1211 1927 1306 1967 vela
1332 1934 1512 1977 vocaret,

270 1998 311 2027 10
394 1999 521 2038 quem
548 1992 749 2040 cuperent
774 1993 950 2033 nautae,
976 1998 1061 2024 non
1087 1998 1180 2038 ego,
1206 1991 1357 2024 ventus
1383 1992 1485 2025 erat.

336 2049 486 2082 ventus
512 2050 601 2083 erat
625 2042 763 2082 nautis
790 2049 932 2096 aptus,
959 2055 1043 2081 non
1069 2050 1191 2095 aptus
1218 2040 1393 2080 amanti:

393 2098 533 2139 solvor
556 2098 610 2139 ab
636 2098 852 2152 amplexu,
876 2097 1129 2146 Protesilae,
1155 2104 1241 2145 tuo,

335 2155 566 2210 linguaque
590 2154 829 2196 mandantis
854 2154 984 2195 verba
1008 2153 1257 2208 imperfecta
1280 2153 1468 2207 reliquit:

392 2212 463 2252 vix
487 2212 593 2252 illud
617 2211 735 2266 potui
761 2211 899 2253 dicere
925 2210 1040 2251 triste
1066 2209 1206 2251 ‘vssale

270 2281 308 2311 15
335 2268 527 2309 incubuit
550 2268 700 2310 boreas
725 2268 984 2323 abreptaque
1009 2267 1103 2308 vela
1128 2266 1316 2315 tetendit,

392 2325 561 2379 iamque
585 2340 704 2366 meus
729 2325 860 2389 longe
878 2324 1138 2365 Protesilaus
1165 2330 1266 2364 erat.

336 2382 437 2422 dum
463 2381 582 2437 potui
608 2389 796 2437 spectare
821 2380 978 2430 virum,
1005 2387 1194 2435 spectare
1219 2378 1404 2427 iuvabat,

393 2452 572 2492 sumque
597 2446 692 2480 tuos
718 2438 862 2480 oculos
887 2451 1021 2491 usque
1047 2444 1192 2478 secuta
1216 2436 1333 2477 meis.

337 2501 381 2534 ut
407 2502 447 2535 te
472 2510 556 2536 non
581 2502 790 2550 pomi-‚am
815 2501 1006 2550 poteram
1031 2501 1104 2535 tua
1128 2494 1223 2535 vela
1247 2493 1403 2543 videre,

268 2564 312 2594 20
393 2551 487 2592 vela
510 2551 582 2592 diu
607 2553 745 2593 vultus
771 2551 988 2593 detinuere
1013 2565 1143 2592 meos.

338 2614 379 2647 at
405 2615 627 2661 postquam
653 2623 730 2650 nec
756 2616 815 2658 te,
840 2622 919 2649 nec
945 2607 1039 2648 vela
1064 2605 1235 2662 fugacia
1259 2606 1366 2655 vidi,

395 2671 435 2704 et
459 2665 573 2717 quod
599 2672 849 2719 spectarem,
875 2665 934 2705 nil
957 2664 1037 2705 nisi
1062 2670 1216 2718 pontus
1242 2671 1344 2712 erat,

335 2719 409 2760 lux
434 2733 602 2775 quoque
627 2729 766 2763 tecum
792 2721 911 2770 abiit,
937 2720 1204 2774 tenebrisque
1230 2718 1434 2774 exanguis
1459 2718 1615 2761 obortis
