1831 3168
367 237 639 273 llEROlDL'M
665 237 728 272 IV.
755 237 944 272 138-176.
974 237 1016 272 V.
1047 238 1167 272 1--47,

146 319 260 361 laesa
285 332 437 372 queror
462 318 513 359 de
539 326 598 364 te,
626 318 659 359 si
685 318 805 368 sinis,
831 318 922 373 ipsa
947 333 1053 360 meo.

86 376 182 429 quis
209 375 311 416 deus
338 375 534 429 opposuit
559 375 710 416 nostris
736 390 812 416 sua
838 375 1012 416 numina
1038 375 1170 416 votis?

147 446 199 473 ne
226 439 297 472 tua
321 446 611 486 permaneam,
638 432 750 485 quod
775 431 876 472 mihi
903 432 1059 473 crimen
1084 432 1230 473 obest?

91 488 251 537 leniter,
278 503 329 529 ex
356 488 501 529 merito
528 488 727 542 quicquid
753 488 932 543 patiare,
959 488 1179 529 ferendum
1205 498 1286 530 est:

147 559 256 598 quae
281 544 395 585 venit
420 544 592 599 indigno
618 560 772 599 poena,
798 545 978 585 dolenda
1004 546 1129 586 venit.

90 601 278 641 nondum
305 609 444 641 tantus
471 616 580 648 eras,
608 615 703 641 cum
730 609 769 641 te
796 609 990 641 contenta
1015 602 1163 642 marito

149 657 260 698 edita
285 657 336 698 de
363 671 517 711 magno
542 657 713 697 flumine
739 656 926 720 nympha
951 657 1025 697 fui.

91 714 163 767 qui
189 727 301 754 nuno
325 712 581 761 Priamides,
606 736 663 741 —
687 713 797 752 abslt
821 713 1054 754 reverentia
1079 728 1178 755 vero
1204 737 1259 744 --

148 784 292 810 servus
318 784 427 810 eras:
455 782 575 809 servo
600 769 757 810 nubere
783 768 970 823 nympha
995 769 1089 810 tuli!

91 840 216 880 saepe
241 840 392 880 greges
418 824 525 865 inter
548 824 830 878 requievimus
856 825 1005 866 arbore
1031 826 1146 875 tecti,

147 882 361 935 mixtaque
388 896 484 922 cum
510 881 619 922 foliis
646 881 839 936 praebuit
864 881 995 923 herba
1019 891 1172 923 torum.

90 953 215 993 saepe
241 953 368 993 super
392 946 575 979 stramen
601 938 784 992 fenoque
809 938 1043 980 iacentibus
1069 940 1151 980 alto

148 995 322 1036 defensa
347 1002 408 1036 est
433 994 580 1035 humili
605 1009 710 1036 cana
734 995 885 1050 pruina
911 1009 1020 1036 casa.

92 1053 185 1106 quis
211 1051 286 1092 tibi
311 1051 571 1092 monstrabat
597 1052 727 1092 saltus
753 1051 975 1093 venatibus
1000 1060 1119 1107 aptos

149 1117 202 1157 ct,
229 1116 389 1163 tegeret
414 1108 575 1149 catulos
601 1122 686 1162 qua
709 1107 799 1149 fera
824 1123 927 1163 rupe
954 1109 1077 1150 suos?

88 1166 194 1206 retia
219 1179 345 1219 saepe
371 1178 511 1205 comes
537 1165 712 1206 maculis
740 1165 937 1206 distincta
962 1165 1134 1216 tetendi,

146 1236 271 1276 saepe
297 1221 400 1262 citos
426 1221 493 1276 egi
518 1236 593 1276 per
616 1221 717 1276 iuga
741 1221 870 1276 longa
895 1236 1032 1263 canes.

88 1277 244 1319 incisae
269 1286 438 1319 servant
462 1293 487 1318 a
511 1286 551 1319 te
576 1293 671 1320 mea
694 1278 866 1319 nomina
890 1278 998 1334 fagi,

147 1343 188 1376 et
211 1335 330 1389 legor
356 1332 534 1376 Oenone
559 1335 667 1376 falce
692 1342 837 1376 notata
861 1342 952 1376 tua:

89 1400 129 1432 et
155 1399 359 1445 quantum
384 1391 539 1439 trunci,
565 1399 729 1432 tantum
754 1406 849 1432 mea
873 1392 1044 1433 nomina
1070 1400 1282 1435 crescunt:

147 1448 340 1497 crescite,
367 1455 407 1489 et
430 1447 474 1488 in
499 1448 643 1489 titulos
668 1448 827 1503 surgite
853 1457 967 1490 recta
991 1448 1125 1490 meos!

91 1504 264 1560 popule,
290 1504 405 1553 vive,
430 1518 590 1559 precor,
617 1519 725 1559 quae
751 1505 911 1546 consita
936 1506 1126 1561 margine
1151 1507 1267 1562 ripae

148 1561 226 1602 hoe
250 1561 293 1601 in
319 1575 473 1616 rugoso
499 1561 652 1602 cortice
678 1576 847 1602 carmen
872 1562 1022 1603 habes:

92 1622 207 1657 ‘cum
232 1616 355 1658 Paris
382 1616 561 1658 Oenone
585 1618 739 1672 poterit
764 1618 921 1672 spirare
946 1619 1103 1668 relicta,

148 1674 201 1714 ad
226 1673 386 1714 fontem
410 1673 578 1714 Xanthi
603 1689 724 1715 versa
748 1683 933 1716 recurret
959 1675 1096 1729 aqua.’

89 1730 286 1778 Xanthe,
311 1737 422 1771 retro
447 1744 644 1784 propera,
671 1745 900 1784 versaeque
926 1732 1126 1774 recurrite
1150 1732 1368 1788 lymphae!

148 1786 325 1827 sustinet
351 1785 558 1827 Oenonen
584 1787 818 1828 deseruisse
842 1788 978 1829 Paris.

90 1843 161 1884 illa
187 1843 274 1884 dies
301 1842 435 1883 fatum
460 1843 637 1884 miserae
662 1844 765 1884 mihi
792 1844 915 1892 dixit,
943 1845 996 1885 ab
1021 1845 1092 1885 illa

148 1899 331 1955 pessima
355 1900 506 1940 mutati
530 1900 669 1955 coepit
693 1900 846 1941 amoris
871 1900 1050 1956 hiemps,

90 1971 174 2010 qua
198 1956 346 1998 Venus
371 1964 412 1998 et
436 1956 545 1997 Iuno
571 1957 832 2012 sumptisque
858 1957 1071 1999 decentior
1096 1959 1222 2000 armis

147 2013 261 2054 venit
284 2013 328 2053 in
354 2013 573 2054 arbitrium
597 2015 712 2055 nuda
736 2014 935 2056 Minerva
959 2022 1093 2056 tuum.

91 2183 254 2224 attoniti
278 2183 462 2224 micuere
488 2184 623 2232 sinus,
648 2184 897 2238 gelidusque
923 2185 1120 2235 cucurrit,

147 2248 195 2280 ut
218 2239 321 2280 mihi
345 2240 542 2289 narrasti,
569 2240 674 2281 dura
698 2256 773 2295 per
798 2255 893 2282 ossa
917 2249 1085 2283 tremor.

90 2296 283 2337 consului
305 2319 363 2325 —
385 2310 522 2350 neque
549 2297 659 2338 enim
685 2297 848 2339 modice
874 2299 1061 2340 terrebar
1084 2322 1142 2328 —
1167 2312 1357 2353 anusque

148 2353 462 2408 longaevosque
488 2368 627 2395 senes:
654 2355 836 2395 constitit
863 2370 955 2396 esse
980 2355 1113 2396 nefas.

93 2423 217 2450 caesa
241 2409 376 2456 abies,
401 2417 625 2463 sectaeque
650 2410 810 2458 trabes,
837 2419 877 2452 et
904 2412 1036 2452 classe
1061 2418 1209 2466 parata

151 2465 318 2506 caerula
343 2472 502 2506 ceratas
529 2466 680 2520 accipit
703 2467 818 2507 unda
842 2474 966 2508 rates.

92 2521 202 2562 flesti
229 2521 461 2562 discedens.
524 2521 604 2562 hoc
629 2522 766 2563 saltim
793 2538 917 2577 parce
942 2538 1118 2579 negare:

152 2578 376 2632 praeterito
401 2578 536 2632 magis
562 2585 624 2619 est
648 2578 727 2620 iste
752 2580 975 2634 pudendus
1001 2595 1130 2621 amor.

93 2642 136 2675 et
160 2634 269 2676 flesti
294 2643 335 2675 et
360 2642 523 2675 nostros
549 2635 690 2676 vidisti
714 2635 851 2677 flentis
878 2637 1051 2686 ocellos3

152 2691 395 2732 miscuimus
420 2691 612 2732 lacrimas
638 2700 823 2733 maestus
847 2700 1025 2748 uterque
1051 2704 1162 2735 suas.

95 2760 180 2788 non
204 2747 262 2789 sic
288 2748 489 2803 adpositis
515 2748 696 2790 vincitur
720 2749 876 2791 vitibus
900 2750 1054 2800 ulmus,

1484 673 1523 701 10

1484 954 1522 983 17>

1482 1804 1524 1834 30

1484 2083 1524 2112 35

1483 2369 1527 2399 40

1482 2651 1526 2682 45
