<?xml version="1.0" encoding="UTF-8"?>
<!DOCTYPE html PUBLIC "-//W3C//DTD XHTML 1.0 Transitional//EN"
    "http://www.w3.org/TR/xhtml1/DTD/xhtml1-transitional.dtd">
<html xmlns="http://www.w3.org/1999/xhtml" xml:lang="en" lang="en">
 <head>
  <title>
</title>
<meta http-equiv="Content-Type" content="text/html;charset=utf-8" />
  <meta name='ocr-system' content='tesseract 3.04.00' />
  <meta name='ocr-capabilities' content='ocr_page ocr_carea ocr_par ocr_line ocrx_word'/>
</head>
<body>
  <div class='ocr_page' id='page_1' title='image "./carminao01oviduoft_0157.png"; bbox 0 0 1831 3168; ppageno 0'>
   <div class='ocr_carea' id='block_1_1' title="bbox 416 246 1270 292">
    <p class='ocr_par' dir='ltr' id='par_1_1' title="bbox 416 246 1270 292">
     <span class='ocr_line' id='line_1_1' title="bbox 416 246 1270 292; baseline -0.002 -9"><span class='ocrx_word' id='word_1_1' title='bbox 416 249 637 285; x_wconf 79' lang='lat' dir='ltr'><strong>AMORUM</strong></span> <span class='ocrx_word' id='word_1_2' title='bbox 662 248 757 283; x_wconf 86' lang='lat' dir='ltr'>LlB.</span> <span class='ocrx_word' id='word_1_3' title='bbox 785 248 853 282; x_wconf 79' lang='grc' dir='ltr'>ΙΙΙ.</span> <span class='ocrx_word' id='word_1_4' title='bbox 881 247 968 292; x_wconf 86' lang='lat' dir='ltr'>XII,</span> <span class='ocrx_word' id='word_1_5' title='bbox 994 247 1190 291; x_wconf 80' lang='lat' dir='ltr'>43-X1V,</span> <span class='ocrx_word' id='word_1_6' title='bbox 1216 246 1270 282; x_wconf 84' lang='lat'>46.</span> 
     </span>
    </p>
   </div>
   <div class='ocr_carea' id='block_1_2' title="bbox 160 328 1336 2367">
    <p class='ocr_par' dir='ltr' id='par_1_2' title="bbox 162 328 1222 442">
     <span class='ocr_line' id='line_1_2' title="bbox 162 328 1165 384; baseline -0.004 -10"><span class='ocrx_word' id='word_1_7' title='bbox 162 345 240 374; x_wconf 87' lang='lat' dir='ltr'>nec</span> <span class='ocrx_word' id='word_1_8' title='bbox 266 337 306 373; x_wconf 93' lang='lat' dir='ltr'>te</span> <span class='ocrx_word' id='word_1_9' title='bbox 331 336 474 371; x_wconf 87' lang='lat' dir='ltr'>nostra</span> <span class='ocrx_word' id='word_1_10' title='bbox 498 330 613 371; x_wconf 87' lang='lat' dir='ltr'>iubet</span> <span class='ocrx_word' id='word_1_11' title='bbox 638 330 726 371; x_wconf 88' lang='lat' dir='ltr'>fieri</span> <span class='ocrx_word' id='word_1_12' title='bbox 753 344 928 371; x_wconf 80' lang='lat' dir='ltr'>censura</span> <span class='ocrx_word' id='word_1_13' title='bbox 954 328 1165 384; x_wconf 87' lang='lat' dir='ltr'>pudicam,</span> 
     </span>
     <span class='ocr_line' id='line_1_3' title="bbox 221 387 1222 442; baseline -0.005 -12"><span class='ocrx_word' id='word_1_14' title='bbox 221 387 294 430; x_wconf 81' lang='lat' dir='ltr'>sed</span> <span class='ocrx_word' id='word_1_15' title='bbox 320 395 482 435; x_wconf 85' lang='lat' dir='ltr'>tamen,</span> <span class='ocrx_word' id='word_1_16' title='bbox 508 394 553 427; x_wconf 86' lang='lat' dir='ltr'>ut</span> <span class='ocrx_word' id='word_1_17' title='bbox 578 394 756 442; x_wconf 80' lang='lat' dir='ltr'><strong>temptes</strong></span> <span class='ocrx_word' id='word_1_18' title='bbox 782 387 1063 434; x_wconf 87' lang='lat' dir='ltr'>dissimulare,</span> <span class='ocrx_word' id='word_1_19' title='bbox 1088 393 1222 440; x_wconf 81' lang='lat' dir='ltr'>rogat.</span> 
     </span>
    </p>

    <p class='ocr_par' dir='ltr' id='par_1_3' title="bbox 163 451 1336 555">
     <span class='ocr_line' id='line_1_4' title="bbox 163 451 1336 499; baseline -0.003 -14"><span class='ocrx_word' id='word_1_20' title='bbox 163 459 247 486; x_wconf 89' lang='lat' dir='ltr'>non</span> <span class='ocrx_word' id='word_1_21' title='bbox 273 451 438 499; x_wconf 88' lang='lat' dir='ltr'>peccat,</span> <span class='ocrx_word' id='word_1_22' title='bbox 465 457 757 497; x_wconf 82' lang='lat' dir='ltr'>quaecmnque</span> <span class='ocrx_word' id='word_1_23' title='bbox 782 451 919 498; x_wconf 80' lang='lat' dir='ltr'>potest</span> <span class='ocrx_word' id='word_1_24' title='bbox 945 457 1142 498; x_wconf 74' lang='lat' dir='ltr'>peccasse</span> <span class='ocrx_word' id='word_1_25' title='bbox 1167 456 1336 496; x_wconf 80' lang='lat' dir='ltr'>negare,</span> 
     </span>
     <span class='ocr_line' id='line_1_5' title="bbox 221 499 1125 555; baseline 0 -15"><span class='ocrx_word' id='word_1_26' title='bbox 221 501 392 554; x_wconf 87' lang='lat' dir='ltr'>solaque</span> <span class='ocrx_word' id='word_1_27' title='bbox 419 500 625 541; x_wconf 81' lang='lat' dir='ltr'>famosam</span> <span class='ocrx_word' id='word_1_28' title='bbox 651 500 774 555; x_wconf 84' lang='lat' dir='ltr'>culpa</span> <span class='ocrx_word' id='word_1_29' title='bbox 799 500 988 554; x_wconf 85' lang='lat' dir='ltr'>professa</span> <span class='ocrx_word' id='word_1_30' title='bbox 1012 499 1125 540; x_wconf 88' lang='lat' dir='ltr'>facit.</span> 
     </span>
    </p>

    <p class='ocr_par' dir='ltr' id='par_1_4' title="bbox 162 555 1308 667">
     <span class='ocr_line' id='line_1_6' title="bbox 162 555 1308 610; baseline -0.003 -12"><span class='ocrx_word' id='word_1_31' title='bbox 162 558 257 610; x_wconf 89' lang='lat' dir='ltr'>quis</span> <span class='ocrx_word' id='word_1_32' title='bbox 283 557 400 597; x_wconf 84' lang='lat' dir='ltr'>furor</span> <span class='ocrx_word' id='word_1_33' title='bbox 425 564 506 605; x_wconf 87' lang='lat' dir='ltr'>est,</span> <span class='ocrx_word' id='word_1_34' title='bbox 532 571 640 610; x_wconf 91' lang='lat' dir='ltr'>quac</span> <span class='ocrx_word' id='word_1_35' title='bbox 666 564 786 597; x_wconf 89' lang='lat' dir='ltr'>nocte</span> <span class='ocrx_word' id='word_1_36' title='bbox 811 557 960 604; x_wconf 86' lang='lat' dir='ltr'>latent,</span> <span class='ocrx_word' id='word_1_37' title='bbox 986 556 1029 596; x_wconf 93' lang='lat' dir='ltr'>in</span> <span class='ocrx_word' id='word_1_38' title='bbox 1053 557 1146 597; x_wconf 89' lang='lat' dir='ltr'>luce</span> <span class='ocrx_word' id='word_1_39' title='bbox 1173 555 1308 603; x_wconf 85' lang='lat' dir='ltr'>fateri,</span> 
     </span>
     <span class='ocr_line' id='line_1_7' title="bbox 222 612 1214 667; baseline -0.002 -13"><span class='ocrx_word' id='word_1_40' title='bbox 222 622 262 654; x_wconf 92' lang='lat' dir='ltr'>et</span> <span class='ocrx_word' id='word_1_41' title='bbox 289 628 397 667; x_wconf 87' lang='lat' dir='ltr'>quae</span> <span class='ocrx_word' id='word_1_42' title='bbox 424 614 531 654; x_wconf 87' lang='lat' dir='ltr'>clam</span> <span class='ocrx_word' id='word_1_43' title='bbox 556 614 706 662; x_wconf 86' lang='lat' dir='ltr'>facias,</span> <span class='ocrx_word' id='word_1_44' title='bbox 732 614 844 654; x_wconf 84' lang='lat' dir='ltr'>facta</span> <span class='ocrx_word' id='word_1_45' title='bbox 868 613 1023 653; x_wconf 87' lang='lat' dir='ltr'>referre</span> <span class='ocrx_word' id='word_1_46' title='bbox 1049 612 1214 667; x_wconf 78' lang='lat' dir='ltr'>palam?</span> 
     </span>
    </p>

    <p class='ocr_par' dir='ltr' id='par_1_5' title="bbox 163 668 1161 782">
     <span class='ocr_line' id='line_1_8' title="bbox 163 668 1107 725; baseline -0.002 -15"><span class='ocrx_word' id='word_1_47' title='bbox 163 670 309 725; x_wconf 78' lang='lat' dir='ltr'>ignoto</span> <span class='ocrx_word' id='word_1_48' title='bbox 335 671 530 712; x_wconf 82' lang='lat' dir='ltr'>meretrix</span> <span class='ocrx_word' id='word_1_49' title='bbox 556 685 707 725; x_wconf 92' lang='lat' dir='ltr'>corpus</span> <span class='ocrx_word' id='word_1_50' title='bbox 733 669 926 710; x_wconf 88' lang='lat' dir='ltr'>iunctura</span> <span class='ocrx_word' id='word_1_51' title='bbox 951 668 1107 720; x_wconf 80' lang='lat' dir='ltr'>Quiriti</span> 
     </span>
     <span class='ocr_line' id='line_1_9' title="bbox 222 727 1161 782; baseline -0.003 -15"><span class='ocrx_word' id='word_1_52' title='bbox 222 727 415 782; x_wconf 84' lang='lat' dir='ltr'>opposita</span> <span class='ocrx_word' id='word_1_53' title='bbox 439 727 643 782; x_wconf 88' lang='lat' dir='ltr'>populum</span> <span class='ocrx_word' id='word_1_54' title='bbox 669 733 905 768; x_wconf 88' lang='lat' dir='ltr'>summovet</span> <span class='ocrx_word' id='word_1_55' title='bbox 928 734 1023 766; x_wconf 87' lang='lat' dir='ltr'>ante</span> <span class='ocrx_word' id='word_1_56' title='bbox 1050 740 1161 766; x_wconf 85' lang='lat' dir='ltr'>sera:</span> 
     </span>
    </p>

    <p class='ocr_par' dir='ltr' id='par_1_6' title="bbox 164 781 1151 894">
     <span class='ocr_line' id='line_1_10' title="bbox 164 781 1151 838; baseline -0.003 -14"><span class='ocrx_word' id='word_1_57' title='bbox 164 791 209 824; x_wconf 83' lang='lat' dir='ltr'>tu</span> <span class='ocrx_word' id='word_1_58' title='bbox 236 792 308 824; x_wconf 88' lang='lat' dir='ltr'>tua</span> <span class='ocrx_word' id='word_1_59' title='bbox 334 784 558 838; x_wconf 80' lang='lat' dir='ltr'>prostitues</span> <span class='ocrx_word' id='word_1_60' title='bbox 584 783 722 824; x_wconf 83' lang='lat' dir='ltr'>famae</span> <span class='ocrx_word' id='word_1_61' title='bbox 747 789 921 837; x_wconf 87' lang='lat' dir='ltr'>peccata</span> <span class='ocrx_word' id='word_1_62' title='bbox 946 781 1151 830; x_wconf 83' lang='lat' dir='ltr'>sinistrae,</span> 
     </span>
     <span class='ocr_line' id='line_1_11' title="bbox 222 838 1059 894; baseline -0.004 -13"><span class='ocrx_word' id='word_1_63' title='bbox 222 840 433 881; x_wconf 83' lang='lat' dir='ltr'>commissi</span> <span class='ocrx_word' id='word_1_64' title='bbox 459 854 637 894; x_wconf 74' lang='lat' dir='ltr'>perages</span> <span class='ocrx_word' id='word_1_65' title='bbox 662 839 948 892; x_wconf 83' lang='lat' dir='ltr'>indiciumque</span> <span class='ocrx_word' id='word_1_66' title='bbox 972 838 1059 878; x_wconf 86' lang='lat' dir='ltr'>tui?</span> 
     </span>
    </p>

    <p class='ocr_par' dir='ltr' id='par_1_7' title="bbox 165 893 1319 1007">
     <span class='ocr_line' id='line_1_12' title="bbox 165 893 1276 948; baseline -0.004 -11"><span class='ocrx_word' id='word_1_67' title='bbox 165 897 219 938; x_wconf 83' lang='lat' dir='ltr'>sit</span> <span class='ocrx_word' id='word_1_68' title='bbox 243 897 317 937; x_wconf 87' lang='lat' dir='ltr'>tibi</span> <span class='ocrx_word' id='word_1_69' title='bbox 344 911 461 937; x_wconf 90' lang='lat' dir='ltr'>mens</span> <span class='ocrx_word' id='word_1_70' title='bbox 487 897 646 945; x_wconf 88' lang='lat' dir='ltr'>melior,</span> <span class='ocrx_word' id='word_1_71' title='bbox 672 897 871 937; x_wconf 80' lang='lat' dir='ltr'>saltemve</span> <span class='ocrx_word' id='word_1_72' title='bbox 894 894 1058 935; x_wconf 87' lang='lat' dir='ltr'>imitare</span> <span class='ocrx_word' id='word_1_73' title='bbox 1083 893 1276 948; x_wconf 86' lang='lat' dir='ltr'>pudicas:</span> 
     </span>
     <span class='ocr_line' id='line_1_13' title="bbox 221 950 1319 1007; baseline -0.004 -14"><span class='ocrx_word' id='word_1_74' title='bbox 221 960 345 1007; x_wconf 88' lang='lat' dir='ltr'>teque</span> <span class='ocrx_word' id='word_1_75' title='bbox 372 953 567 1007; x_wconf 87' lang='lat' dir='ltr'>probam,</span> <span class='ocrx_word' id='word_1_76' title='bbox 593 952 784 1006; x_wconf 56' lang='lat' dir='ltr'>quamvis</span> <span class='ocrx_word' id='word_1_77' title='bbox 810 966 893 992; x_wconf 89' lang='lat' dir='ltr'>non</span> <span class='ocrx_word' id='word_1_78' title='bbox 919 950 1019 999; x_wconf 88' lang='lat' dir='ltr'>cris,</span> <span class='ocrx_word' id='word_1_79' title='bbox 1045 965 1135 992; x_wconf 87' lang='lat' dir='ltr'>esse</span> <span class='ocrx_word' id='word_1_80' title='bbox 1161 957 1319 1004; x_wconf 89' lang='lat' dir='ltr'>putem.</span> 
     </span>
    </p>

    <p class='ocr_par' dir='ltr' id='par_1_8' title="bbox 163 1007 1281 1121">
     <span class='ocr_line' id='line_1_14' title="bbox 163 1007 1281 1064; baseline -0.003 -14"><span class='ocrx_word' id='word_1_81' title='bbox 163 1025 273 1064; x_wconf 87' lang='lat' dir='ltr'>quae</span> <span class='ocrx_word' id='word_1_82' title='bbox 299 1010 422 1057; x_wconf 80' lang='lat' dir='ltr'>facis,</span> <span class='ocrx_word' id='word_1_83' title='bbox 450 1010 552 1050; x_wconf 86' lang='lat' dir='ltr'>hacc</span> <span class='ocrx_word' id='word_1_84' title='bbox 578 1010 723 1050; x_wconf 85' lang='lat' dir='ltr'>facito:</span> <span class='ocrx_word' id='word_1_85' title='bbox 750 1015 911 1049; x_wconf 89' lang='lat' dir='ltr'>tantum</span> <span class='ocrx_word' id='word_1_86' title='bbox 937 1007 1087 1048; x_wconf 88' lang='lat' dir='ltr'>fecisse</span> <span class='ocrx_word' id='word_1_87' title='bbox 1112 1014 1281 1062; x_wconf 84' lang='lat' dir='ltr'>negato,</span> 
     </span>
     <span class='ocr_line' id='line_1_15' title="bbox 217 1064 1169 1121; baseline -0.004 -14"><span class='ocrx_word' id='word_1_88' title='bbox 217 1081 298 1108; x_wconf 89' lang='lat' dir='ltr'>nec</span> <span class='ocrx_word' id='word_1_89' title='bbox 323 1066 478 1121; x_wconf 86' lang='lat' dir='ltr'>pudeat</span> <span class='ocrx_word' id='word_1_90' title='bbox 505 1080 646 1107; x_wconf 85' lang='lat' dir='ltr'>coram</span> <span class='ocrx_word' id='word_1_91' title='bbox 670 1065 800 1107; x_wconf 87' lang='lat' dir='ltr'>verba</span> <span class='ocrx_word' id='word_1_92' title='bbox 824 1064 1015 1105; x_wconf 87' lang='lat' dir='ltr'>modesta</span> <span class='ocrx_word' id='word_1_93' title='bbox 1038 1064 1169 1117; x_wconf 89' lang='lat' dir='ltr'>loqui.</span> 
     </span>
    </p>

    <p class='ocr_par' dir='ltr' id='par_1_9' title="bbox 163 1120 1271 1234">
     <span class='ocr_line' id='line_1_16' title="bbox 163 1120 1271 1176; baseline -0.004 -12"><span class='ocrx_word' id='word_1_94' title='bbox 163 1132 225 1165; x_wconf 91' lang='lat' dir='ltr'>est</span> <span class='ocrx_word' id='word_1_95' title='bbox 250 1123 322 1176; x_wconf 87' lang='lat' dir='ltr'>qui</span> <span class='ocrx_word' id='word_1_96' title='bbox 347 1123 578 1176; x_wconf 87' lang='lat' dir='ltr'>nequitiam</span> <span class='ocrx_word' id='word_1_97' title='bbox 602 1123 718 1163; x_wconf 89' lang='lat' dir='ltr'>locus</span> <span class='ocrx_word' id='word_1_98' title='bbox 744 1121 905 1176; x_wconf 82' lang='lat' dir='ltr'>exigat:</span> <span class='ocrx_word' id='word_1_99' title='bbox 932 1120 1128 1161; x_wconf 91' lang='lat' dir='ltr'>omnibus</span> <span class='ocrx_word' id='word_1_100' title='bbox 1153 1120 1271 1161; x_wconf 91' lang='lat' dir='ltr'>illum</span> 
     </span>
     <span class='ocr_line' id='line_1_17' title="bbox 220 1177 1110 1234; baseline -0.004 -13"><span class='ocrx_word' id='word_1_101' title='bbox 220 1179 380 1221; x_wconf 88' lang='lat' dir='ltr'>deliciis</span> <span class='ocrx_word' id='word_1_102' title='bbox 405 1180 537 1234; x_wconf 88' lang='lat' dir='ltr'>inple,</span> <span class='ocrx_word' id='word_1_103' title='bbox 563 1186 644 1220; x_wconf 84' lang='lat' dir='ltr'>stet</span> <span class='ocrx_word' id='word_1_104' title='bbox 667 1178 815 1233; x_wconf 87' lang='lat' dir='ltr'>procul</span> <span class='ocrx_word' id='word_1_105' title='bbox 839 1177 936 1218; x_wconf 90' lang='lat' dir='ltr'>inde</span> <span class='ocrx_word' id='word_1_106' title='bbox 961 1177 1110 1232; x_wconf 85' lang='lat' dir='ltr'>pudor.</span> 
     </span>
    </p>

    <p class='ocr_par' dir='ltr' id='par_1_10' title="bbox 163 1234 1178 1346">
     <span class='ocr_line' id='line_1_18' title="bbox 163 1234 1178 1290; baseline -0.003 -13"><span class='ocrx_word' id='word_1_107' title='bbox 163 1236 260 1278; x_wconf 89' lang='lat' dir='ltr'>hinc</span> <span class='ocrx_word' id='word_1_108' title='bbox 286 1236 410 1277; x_wconf 87' lang='lat' dir='ltr'>simul</span> <span class='ocrx_word' id='word_1_109' title='bbox 437 1236 606 1284; x_wconf 86' lang='lat' dir='ltr'>exieris,</span> <span class='ocrx_word' id='word_1_110' title='bbox 631 1235 805 1276; x_wconf 85' lang='lat' dir='ltr'>lascivia</span> <span class='ocrx_word' id='word_1_111' title='bbox 828 1234 1017 1290; x_wconf 89' lang='lat' dir='ltr'>protinus</span> <span class='ocrx_word' id='word_1_112' title='bbox 1044 1234 1178 1275; x_wconf 90' lang='lat' dir='ltr'>omnis</span> 
     </span>
     <span class='ocr_line' id='line_1_19' title="bbox 220 1291 1059 1346; baseline -0.004 -12"><span class='ocrx_word' id='word_1_113' title='bbox 220 1293 347 1342; x_wconf 87' lang='lat' dir='ltr'>absit,</span> <span class='ocrx_word' id='word_1_114' title='bbox 374 1300 415 1334; x_wconf 85' lang='lat' dir='ltr'>et</span> <span class='ocrx_word' id='word_1_115' title='bbox 439 1293 481 1333; x_wconf 91' lang='lat' dir='ltr'>in</span> <span class='ocrx_word' id='word_1_116' title='bbox 506 1293 615 1334; x_wconf 90' lang='lat' dir='ltr'>lecto</span> <span class='ocrx_word' id='word_1_117' title='bbox 642 1291 815 1333; x_wconf 89' lang='lat' dir='ltr'>crimina</span> <span class='ocrx_word' id='word_1_118' title='bbox 838 1305 948 1346; x_wconf 92' lang='lat' dir='ltr'>pone</span> <span class='ocrx_word' id='word_1_119' title='bbox 974 1298 1059 1331; x_wconf 89' lang='lat' dir='ltr'>tuo.</span> 
     </span>
    </p>

    <p class='ocr_par' dir='ltr' id='par_1_11' title="bbox 161 1347 1172 1460">
     <span class='ocr_line' id='line_1_20' title="bbox 161 1347 1129 1403; baseline -0.004 -12"><span class='ocrx_word' id='word_1_120' title='bbox 161 1350 245 1391; x_wconf 85' lang='lat' dir='ltr'>illic</span> <span class='ocrx_word' id='word_1_121' title='bbox 270 1364 348 1391; x_wconf 90' lang='lat' dir='ltr'>nec</span> <span class='ocrx_word' id='word_1_122' title='bbox 373 1349 558 1390; x_wconf 84' lang='lat' dir='ltr'>tunicam</span> <span class='ocrx_word' id='word_1_123' title='bbox 585 1348 661 1390; x_wconf 87' lang='lat' dir='ltr'>tibi</span> <span class='ocrx_word' id='word_1_124' title='bbox 685 1348 737 1389; x_wconf 88' lang='lat' dir='ltr'>sit</span> <span class='ocrx_word' id='word_1_125' title='bbox 762 1348 952 1403; x_wconf 87' lang='lat' dir='ltr'>posuisse</span> <span class='ocrx_word' id='word_1_126' title='bbox 978 1347 1129 1403; x_wconf 88' lang='lat' dir='ltr'>pudori</span> 
     </span>
     <span class='ocr_line' id='line_1_21' title="bbox 218 1404 1172 1460; baseline -0.003 -13"><span class='ocrx_word' id='word_1_127' title='bbox 218 1421 297 1448; x_wconf 84' lang='lat' dir='ltr'>nec</span> <span class='ocrx_word' id='word_1_128' title='bbox 322 1406 471 1448; x_wconf 81' lang='lat' dir='ltr'>femori</span> <span class='ocrx_word' id='word_1_129' title='bbox 494 1405 722 1460; x_wconf 88' lang='lat' dir='ltr'>inpositum</span> <span class='ocrx_word' id='word_1_130' title='bbox 747 1404 996 1446; x_wconf 86' lang='lat' dir='ltr'>sustinuisse</span> <span class='ocrx_word' id='word_1_131' title='bbox 1022 1404 1172 1445; x_wconf 85' lang='lat' dir='ltr'>femur.</span> 
     </span>
    </p>

    <p class='ocr_par' dir='ltr' id='par_1_12' title="bbox 162 1461 1228 1573">
     <span class='ocr_line' id='line_1_22' title="bbox 162 1461 1094 1518; baseline -0.002 -15"><span class='ocrx_word' id='word_1_132' title='bbox 162 1463 246 1505; x_wconf 84' lang='lat' dir='ltr'>illic</span> <span class='ocrx_word' id='word_1_133' title='bbox 271 1463 493 1518; x_wconf 87' lang='lat' dir='ltr'>purpureis</span> <span class='ocrx_word' id='word_1_134' title='bbox 519 1463 725 1503; x_wconf 84' lang='lat' dir='ltr'>condatur</span> <span class='ocrx_word' id='word_1_135' title='bbox 748 1462 893 1516; x_wconf 81' lang='lat' dir='ltr'>lingua</span> <span class='ocrx_word' id='word_1_136' title='bbox 917 1461 1094 1510; x_wconf 89' lang='lat' dir='ltr'>labellis,</span> 
     </span>
     <span class='ocr_line' id='line_1_23' title="bbox 218 1518 1228 1573; baseline -0.003 -13"><span class='ocrx_word' id='word_1_137' title='bbox 218 1520 346 1573; x_wconf 88' lang='lat' dir='ltr'>inque</span> <span class='ocrx_word' id='word_1_138' title='bbox 371 1520 518 1560; x_wconf 88' lang='lat' dir='ltr'>modos</span> <span class='ocrx_word' id='word_1_139' title='bbox 543 1520 756 1561; x_wconf 86' lang='lat' dir='ltr'>Venerem</span> <span class='ocrx_word' id='word_1_140' title='bbox 780 1519 894 1559; x_wconf 89' lang='lat' dir='ltr'>mille</span> <span class='ocrx_word' id='word_1_141' title='bbox 918 1518 1073 1573; x_wconf 85' lang='lat' dir='ltr'>figuret</span> <span class='ocrx_word' id='word_1_142' title='bbox 1099 1531 1228 1557; x_wconf 85' lang='lat' dir='ltr'>amor.</span> 
     </span>
    </p>

    <p class='ocr_par' dir='ltr' id='par_1_13' title="bbox 161 1574 1171 1688">
     <span class='ocr_line' id='line_1_24' title="bbox 161 1574 1171 1623; baseline -0.003 -6"><span class='ocrx_word' id='word_1_143' title='bbox 161 1577 246 1617; x_wconf 88' lang='lat' dir='ltr'>illic</span> <span class='ocrx_word' id='word_1_144' title='bbox 272 1591 349 1618; x_wconf 90' lang='lat' dir='ltr'>nec</span> <span class='ocrx_word' id='word_1_145' title='bbox 374 1590 499 1617; x_wconf 90' lang='lat' dir='ltr'>voces</span> <span class='ocrx_word' id='word_1_146' title='bbox 524 1590 603 1616; x_wconf 89' lang='lat' dir='ltr'>nec</span> <span class='ocrx_word' id='word_1_147' title='bbox 628 1575 757 1617; x_wconf 79' lang='lat' dir='ltr'>verba</span> <span class='ocrx_word' id='word_1_148' title='bbox 781 1574 970 1616; x_wconf 86' lang='lat' dir='ltr'>iuvantia</span> <span class='ocrx_word' id='word_1_149' title='bbox 995 1581 1171 1623; x_wconf 86' lang='lat' dir='ltr'>cessent,</span> 
     </span>
     <span class='ocr_line' id='line_1_25' title="bbox 220 1632 1096 1688; baseline -0.003 -14"><span class='ocrx_word' id='word_1_150' title='bbox 220 1633 465 1688; x_wconf 86' lang='lat' dir='ltr'>spondaque</span> <span class='ocrx_word' id='word_1_151' title='bbox 491 1632 649 1673; x_wconf 83' lang='lat' dir='ltr'>lasciva</span> <span class='ocrx_word' id='word_1_152' title='bbox 673 1632 906 1672; x_wconf 85' lang='lat' dir='ltr'>mobilitate</span> <span class='ocrx_word' id='word_1_153' title='bbox 932 1637 1096 1671; x_wconf 87' lang='lat' dir='ltr'>tremat.</span> 
     </span>
    </p>

    <p class='ocr_par' dir='ltr' id='par_1_14' title="bbox 162 1686 1271 1801">
     <span class='ocr_line' id='line_1_26' title="bbox 162 1686 1271 1735; baseline -0.004 -5"><span class='ocrx_word' id='word_1_154' title='bbox 162 1690 289 1731; x_wconf 86' lang='lat' dir='ltr'>indue</span> <span class='ocrx_word' id='word_1_155' title='bbox 315 1704 411 1730; x_wconf 89' lang='lat' dir='ltr'>cum</span> <span class='ocrx_word' id='word_1_156' title='bbox 437 1689 588 1730; x_wconf 88' lang='lat' dir='ltr'>tunicis</span> <span class='ocrx_word' id='word_1_157' title='bbox 613 1696 871 1729; x_wconf 88' lang='lat' dir='ltr'>metuentem</span> <span class='ocrx_word' id='word_1_158' title='bbox 899 1687 1074 1729; x_wconf 87' lang='lat' dir='ltr'>crimina</span> <span class='ocrx_word' id='word_1_159' title='bbox 1098 1686 1271 1735; x_wconf 84' lang='lat' dir='ltr'>vultum,</span> 
     </span>
     <span class='ocr_line' id='line_1_27' title="bbox 220 1745 1103 1801; baseline -0.003 -14"><span class='ocrx_word' id='word_1_160' title='bbox 220 1755 260 1788; x_wconf 83' lang='lat' dir='ltr'>et</span> <span class='ocrx_word' id='word_1_161' title='bbox 284 1747 421 1801; x_wconf 86' lang='lat' dir='ltr'>pudor</span> <span class='ocrx_word' id='word_1_162' title='bbox 446 1746 704 1786; x_wconf 89' lang='lat' dir='ltr'>obscaenum</span> <span class='ocrx_word' id='word_1_163' title='bbox 729 1745 959 1785; x_wconf 86' lang='lat' dir='ltr'>diffiteatur</span> <span class='ocrx_word' id='word_1_164' title='bbox 984 1758 1103 1798; x_wconf 85' lang='lat' dir='ltr'>opus.</span> 
     </span>
    </p>

    <p class='ocr_par' dir='ltr' id='par_1_15' title="bbox 161 1800 1329 1901">
     <span class='ocr_line' id='line_1_28' title="bbox 161 1800 1329 1858; baseline -0.004 -14"><span class='ocrx_word' id='word_1_165' title='bbox 161 1804 216 1844; x_wconf 85' lang='lat' dir='ltr'>da</span> <span class='ocrx_word' id='word_1_166' title='bbox 241 1803 417 1858; x_wconf 85' lang='lat' dir='ltr'>populo,</span> <span class='ocrx_word' id='word_1_167' title='bbox 444 1802 498 1843; x_wconf 87' lang='lat' dir='ltr'>da</span> <span class='ocrx_word' id='word_1_168' title='bbox 524 1802 653 1843; x_wconf 88' lang='lat' dir='ltr'>verba</span> <span class='ocrx_word' id='word_1_169' title='bbox 678 1801 792 1842; x_wconf 87' lang='lat' dir='ltr'>mihi.</span> <span class='ocrx_word' id='word_1_170' title='bbox 854 1801 962 1850; x_wconf 86' lang='lat' dir='ltr'>sine,</span> <span class='ocrx_word' id='word_1_171' title='bbox 988 1800 1156 1841; x_wconf 86' lang='lat' dir='ltr'>nescius</span> <span class='ocrx_word' id='word_1_172' title='bbox 1182 1814 1329 1848; x_wconf 86' lang='lat' dir='ltr'>errem,</span> 
     </span>
     <span class='ocr_line' id='line_1_29' title="bbox 219 1858 955 1901; baseline -0.005 0"><span class='ocrx_word' id='word_1_173' title='bbox 219 1869 258 1901; x_wconf 87' lang='lat' dir='ltr'>et</span> <span class='ocrx_word' id='word_1_174' title='bbox 284 1860 409 1900; x_wconf 86' lang='lat' dir='ltr'>liceat</span> <span class='ocrx_word' id='word_1_175' title='bbox 434 1860 562 1900; x_wconf 87' lang='lat' dir='ltr'>stulta</span> <span class='ocrx_word' id='word_1_176' title='bbox 588 1858 834 1899; x_wconf 83' lang='lat' dir='ltr'>credulitate</span> <span class='ocrx_word' id='word_1_177' title='bbox 860 1858 955 1898; x_wconf 88' lang='lat' dir='ltr'>frui.</span> 
     </span>
    </p>

    <p class='ocr_par' dir='ltr' id='par_1_16' title="bbox 161 1913 1162 2028">
     <span class='ocr_line' id='line_1_30' title="bbox 161 1913 1162 1969; baseline -0.004 -12"><span class='ocrx_word' id='word_1_178' title='bbox 161 1931 237 1957; x_wconf 90' lang='lat' dir='ltr'>cur</span> <span class='ocrx_word' id='word_1_179' title='bbox 261 1916 413 1957; x_wconf 90' lang='lat' dir='ltr'>totiens</span> <span class='ocrx_word' id='word_1_180' title='bbox 439 1916 560 1957; x_wconf 89' lang='lat' dir='ltr'>video</span> <span class='ocrx_word' id='word_1_181' title='bbox 586 1915 694 1956; x_wconf 90' lang='lat' dir='ltr'>mitti</span> <span class='ocrx_word' id='word_1_182' title='bbox 718 1914 932 1969; x_wconf 88' lang='lat' dir='ltr'>recipique</span> <span class='ocrx_word' id='word_1_183' title='bbox 958 1913 1162 1955; x_wconf 86' lang='lat' dir='ltr'>tabellas?</span> 
     </span>
     <span class='ocr_line' id='line_1_31' title="bbox 219 1970 1162 2028; baseline -0.004 -14"><span class='ocrx_word' id='word_1_184' title='bbox 219 1987 294 2014; x_wconf 89' lang='lat' dir='ltr'>cur</span> <span class='ocrx_word' id='word_1_185' title='bbox 317 1987 488 2028; x_wconf 88' lang='lat' dir='ltr'>pressus</span> <span class='ocrx_word' id='word_1_186' title='bbox 514 1972 627 2027; x_wconf 90' lang='lat' dir='ltr'>prior</span> <span class='ocrx_word' id='word_1_187' title='bbox 653 1979 715 2013; x_wconf 82' lang='lat' dir='ltr'>est</span> <span class='ocrx_word' id='word_1_188' title='bbox 738 1971 994 2024; x_wconf 87' lang='lat' dir='ltr'>interiorque</span> <span class='ocrx_word' id='word_1_189' title='bbox 1020 1970 1162 2011; x_wconf 85' lang='lat' dir='ltr'>torus?</span> 
     </span>
    </p>

    <p class='ocr_par' dir='ltr' id='par_1_17' title="bbox 162 2026 1214 2141">
     <span class='ocr_line' id='line_1_32' title="bbox 162 2026 1214 2084; baseline -0.005 -13"><span class='ocrx_word' id='word_1_190' title='bbox 162 2044 237 2071; x_wconf 90' lang='lat' dir='ltr'>cur</span> <span class='ocrx_word' id='word_1_191' title='bbox 260 2030 356 2084; x_wconf 89' lang='lat' dir='ltr'>plus</span> <span class='ocrx_word' id='word_1_192' title='bbox 380 2043 509 2083; x_wconf 89' lang='lat' dir='ltr'>quam</span> <span class='ocrx_word' id='word_1_193' title='bbox 535 2043 682 2070; x_wconf 88' lang='lat' dir='ltr'>somno</span> <span class='ocrx_word' id='word_1_194' title='bbox 708 2028 898 2069; x_wconf 87' lang='lat' dir='ltr'>turbatos</span> <span class='ocrx_word' id='word_1_195' title='bbox 924 2042 1015 2069; x_wconf 89' lang='lat' dir='ltr'>esse</span> <span class='ocrx_word' id='word_1_196' title='bbox 1041 2026 1214 2082; x_wconf 87' lang='lat' dir='ltr'>capillos</span> 
     </span>
     <span class='ocr_line' id='line_1_33' title="bbox 219 2083 1185 2141; baseline -0.003 -14"><span class='ocrx_word' id='word_1_197' title='bbox 219 2087 410 2140; x_wconf 89' lang='lat' dir='ltr'>collaque</span> <span class='ocrx_word' id='word_1_198' title='bbox 437 2086 648 2141; x_wconf 89' lang='lat' dir='ltr'>conspicio</span> <span class='ocrx_word' id='word_1_199' title='bbox 674 2085 809 2126; x_wconf 89' lang='lat' dir='ltr'>dentis</span> <span class='ocrx_word' id='word_1_200' title='bbox 835 2084 990 2125; x_wconf 91' lang='lat' dir='ltr'>habere</span> <span class='ocrx_word' id='word_1_201' title='bbox 1016 2083 1185 2125; x_wconf 81' lang='lat' dir='ltr'>notam?</span> 
     </span>
    </p>

    <p class='ocr_par' dir='ltr' id='par_1_18' title="bbox 160 2140 1225 2254">
     <span class='ocr_line' id='line_1_34' title="bbox 160 2140 1225 2195; baseline -0.004 -11"><span class='ocrx_word' id='word_1_202' title='bbox 160 2150 325 2184; x_wconf 84' lang='lat' dir='ltr'>tantum</span> <span class='ocrx_word' id='word_1_203' title='bbox 353 2158 438 2184; x_wconf 93' lang='lat' dir='ltr'>non</span> <span class='ocrx_word' id='word_1_204' title='bbox 463 2144 606 2184; x_wconf 88' lang='lat' dir='ltr'>oculos</span> <span class='ocrx_word' id='word_1_205' title='bbox 632 2143 790 2183; x_wconf 89' lang='lat' dir='ltr'>crimen</span> <span class='ocrx_word' id='word_1_206' title='bbox 816 2141 988 2183; x_wconf 87' lang='lat' dir='ltr'>deducis</span> <span class='ocrx_word' id='word_1_207' title='bbox 1014 2141 1068 2182; x_wconf 89' lang='lat' dir='ltr'>ad</span> <span class='ocrx_word' id='word_1_208' title='bbox 1092 2140 1225 2195; x_wconf 87' lang='lat' dir='ltr'>ipsos:</span> 
     </span>
     <span class='ocr_line' id='line_1_35' title="bbox 220 2197 1122 2254; baseline -0.003 -14"><span class='ocrx_word' id='word_1_209' title='bbox 220 2200 255 2240; x_wconf 88' lang='lat' dir='ltr'>si</span> <span class='ocrx_word' id='word_1_210' title='bbox 280 2200 449 2240; x_wconf 86' lang='lat' dir='ltr'>dubitas</span> <span class='ocrx_word' id='word_1_211' title='bbox 474 2200 613 2240; x_wconf 82' lang='lat' dir='ltr'>famae</span> <span class='ocrx_word' id='word_1_212' title='bbox 638 2213 830 2254; x_wconf 87' lang='lat' dir='ltr'>parcere,</span> <span class='ocrx_word' id='word_1_213' title='bbox 856 2212 982 2252; x_wconf 89' lang='lat' dir='ltr'>parce</span> <span class='ocrx_word' id='word_1_214' title='bbox 1006 2197 1122 2238; x_wconf 87' lang='lat' dir='ltr'>mihi.</span> 
     </span>
    </p>

    <p class='ocr_par' dir='ltr' id='par_1_19' title="bbox 161 2252 1297 2367">
     <span class='ocr_line' id='line_1_36' title="bbox 161 2252 1297 2308; baseline -0.004 -12"><span class='ocrx_word' id='word_1_215' title='bbox 161 2271 280 2297; x_wconf 86' lang='lat' dir='ltr'>mens</span> <span class='ocrx_word' id='word_1_216' title='bbox 307 2256 412 2305; x_wconf 86' lang='lat' dir='ltr'>abit,</span> <span class='ocrx_word' id='word_1_217' title='bbox 439 2263 480 2296; x_wconf 85' lang='lat' dir='ltr'>et</span> <span class='ocrx_word' id='word_1_218' title='bbox 505 2256 671 2304; x_wconf 86' lang='lat' dir='ltr'>morior,</span> <span class='ocrx_word' id='word_1_219' title='bbox 697 2254 891 2308; x_wconf 88' lang='lat' dir='ltr'>quotiens</span> <span class='ocrx_word' id='word_1_220' title='bbox 917 2268 1114 2308; x_wconf 85' lang='lat' dir='ltr'>peccasse</span> <span class='ocrx_word' id='word_1_221' title='bbox 1139 2252 1297 2301; x_wconf 79' lang='lat' dir='ltr'>fateris,</span> 
     </span>
     <span class='ocr_line' id='line_1_37' title="bbox 219 2310 1116 2367; baseline -0.003 -14"><span class='ocrx_word' id='word_1_222' title='bbox 219 2327 378 2367; x_wconf 89' lang='lat' dir='ltr'>perque</span> <span class='ocrx_word' id='word_1_223' title='bbox 403 2326 518 2353; x_wconf 88' lang='lat' dir='ltr'>meos</span> <span class='ocrx_word' id='word_1_224' title='bbox 544 2319 658 2353; x_wconf 86' lang='lat' dir='ltr'>artus</span> <span class='ocrx_word' id='word_1_225' title='bbox 683 2311 839 2365; x_wconf 82' lang='lat' dir='ltr'>frigida</span> <span class='ocrx_word' id='word_1_226' title='bbox 865 2318 986 2365; x_wconf 79' lang='lat' dir='ltr'>gutta</span> <span class='ocrx_word' id='word_1_227' title='bbox 1011 2310 1116 2350; x_wconf 89' lang='lat' dir='ltr'>fluit.</span> 
     </span>
    </p>
   </div>
   <div class='ocr_carea' id='block_1_3' title="bbox 162 2367 1433 2420">
    <p class='ocr_par' dir='ltr' id='par_1_20' title="bbox 162 2367 1433 2420">
     <span class='ocr_line' id='line_1_38' title="bbox 162 2367 1433 2420; baseline -0.003 -10"><span class='ocrx_word' id='word_1_228' title='bbox 162 2378 264 2411; x_wconf 83' lang='lat' dir='ltr'>tunc</span> <span class='ocrx_word' id='word_1_229' title='bbox 290 2383 402 2409; x_wconf 88' lang='lat' dir='ltr'>amo:</span> <span class='ocrx_word' id='word_1_230' title='bbox 429 2376 529 2409; x_wconf 91' lang='lat' dir='ltr'>tunc</span> <span class='ocrx_word' id='word_1_231' title='bbox 555 2368 624 2409; x_wconf 84' lang='lat' dir='ltr'>odi</span> <span class='ocrx_word' id='word_1_232' title='bbox 649 2368 823 2417; x_wconf 85' lang='lat' dir='ltr'>frustra,</span> <span class='ocrx_word' id='word_1_233' title='bbox 850 2367 964 2420; x_wconf 86' lang='lat' dir='ltr'>quod</span> <span class='ocrx_word' id='word_1_234' title='bbox 990 2381 1130 2407; x_wconf 85' lang='lat' dir='ltr'>amare</span> <span class='ocrx_word' id='word_1_235' title='bbox 1156 2380 1326 2407; x_wconf 88' lang='lat' dir='ltr'>necesse</span> <span class='ocrx_word' id='word_1_236' title='bbox 1353 2373 1433 2407; x_wconf 87' lang='lat' dir='ltr'>est:</span> 
     </span>
    </p>
   </div>
   <div class='ocr_carea' id='block_1_4' title="bbox 163 2423 1305 2808">
    <p class='ocr_par' dir='ltr' id='par_1_21' title="bbox 163 2423 1305 2808">
     <span class='ocr_line' id='line_1_39' title="bbox 221 2423 1230 2479; baseline -0.004 -12"><span class='ocrx_word' id='word_1_237' title='bbox 221 2434 321 2467; x_wconf 88' lang='lat' dir='ltr'>tunc</span> <span class='ocrx_word' id='word_1_238' title='bbox 347 2439 446 2479; x_wconf 82' lang='lat' dir='ltr'>eg0‚</span> <span class='ocrx_word' id='word_1_239' title='bbox 473 2425 547 2466; x_wconf 88' lang='lat' dir='ltr'>sed</span> <span class='ocrx_word' id='word_1_240' title='bbox 572 2433 732 2473; x_wconf 88' lang='lat' dir='ltr'>tecum,</span> <span class='ocrx_word' id='word_1_241' title='bbox 758 2431 948 2464; x_wconf 90' lang='lat' dir='ltr'>mortuus</span> <span class='ocrx_word' id='word_1_242' title='bbox 974 2438 1065 2464; x_wconf 86' lang='lat' dir='ltr'>esse</span> <span class='ocrx_word' id='word_1_243' title='bbox 1091 2423 1230 2464; x_wconf 87' lang='lat' dir='ltr'>velim.</span> 
     </span>
     <span class='ocr_line' id='line_1_40' title="bbox 163 2478 1305 2536; baseline -0.004 -12"><span class='ocrx_word' id='word_1_244' title='bbox 163 2483 222 2524; x_wconf 93' lang='lat' dir='ltr'>nil</span> <span class='ocrx_word' id='word_1_245' title='bbox 248 2482 444 2536; x_wconf 87' lang='lat' dir='ltr'>equidem</span> <span class='ocrx_word' id='word_1_246' title='bbox 469 2482 698 2535; x_wconf 79' lang='lat' dir='ltr'>inquiram,</span> <span class='ocrx_word' id='word_1_247' title='bbox 724 2495 802 2521; x_wconf 90' lang='lat' dir='ltr'>nec</span> <span class='ocrx_word' id='word_1_248' title='bbox 827 2494 935 2534; x_wconf 91' lang='lat' dir='ltr'>quae</span> <span class='ocrx_word' id='word_1_249' title='bbox 961 2480 1097 2521; x_wconf 87' lang='lat' dir='ltr'>celare</span> <span class='ocrx_word' id='word_1_250' title='bbox 1121 2478 1305 2534; x_wconf 85' lang='lat' dir='ltr'>parabis,</span> 
     </span>
     <span class='ocr_line' id='line_1_41' title="bbox 222 2536 1179 2593; baseline -0.003 -13"><span class='ocrx_word' id='word_1_251' title='bbox 222 2540 432 2593; x_wconf 87' lang='lat' dir='ltr'>insequar.</span> <span class='ocrx_word' id='word_1_252' title='bbox 494 2547 535 2579; x_wconf 86' lang='lat' dir='ltr'>et</span> <span class='ocrx_word' id='word_1_253' title='bbox 559 2538 699 2579; x_wconf 88' lang='lat' dir='ltr'>fallas:</span> <span class='ocrx_word' id='word_1_254' title='bbox 724 2537 910 2578; x_wconf 86' lang='lat' dir='ltr'>muneris</span> <span class='ocrx_word' id='word_1_255' title='bbox 935 2537 1065 2577; x_wconf 86' lang='lat' dir='ltr'>instar</span> <span class='ocrx_word' id='word_1_256' title='bbox 1089 2536 1179 2578; x_wconf 90' lang='lat' dir='ltr'>erit.</span> 
     </span>
     <span class='ocr_line' id='line_1_42' title="bbox 164 2593 1212 2649; baseline -0.005 -11"><span class='ocrx_word' id='word_1_257' title='bbox 164 2596 200 2638; x_wconf 85' lang='lat' dir='ltr'>si</span> <span class='ocrx_word' id='word_1_258' title='bbox 225 2604 367 2637; x_wconf 88' lang='lat' dir='ltr'>tamen</span> <span class='ocrx_word' id='word_1_259' title='bbox 391 2595 433 2635; x_wconf 91' lang='lat' dir='ltr'>in</span> <span class='ocrx_word' id='word_1_260' title='bbox 458 2595 597 2636; x_wconf 88' lang='lat' dir='ltr'>media</span> <span class='ocrx_word' id='word_1_261' title='bbox 622 2595 828 2649; x_wconf 80' lang='lat' dir='ltr'>deprensa</span> <span class='ocrx_word' id='word_1_262' title='bbox 853 2593 1049 2635; x_wconf 88' lang='lat' dir='ltr'>tenebere</span> <span class='ocrx_word' id='word_1_263' title='bbox 1075 2593 1212 2648; x_wconf 86' lang='lat' dir='ltr'>culpa,</span> 
     </span>
     <span class='ocr_line' id='line_1_43' title="bbox 222 2650 1128 2706; baseline -0.003 -13"><span class='ocrx_word' id='word_1_264' title='bbox 222 2660 264 2694; x_wconf 81' lang='lat' dir='ltr'>et</span> <span class='ocrx_word' id='word_1_265' title='bbox 288 2652 444 2693; x_wconf 85' lang='lat' dir='ltr'>fuerint</span> <span class='ocrx_word' id='word_1_266' title='bbox 469 2652 600 2692; x_wconf 93' lang='lat' dir='ltr'>oculis</span> <span class='ocrx_word' id='word_1_267' title='bbox 625 2651 780 2706; x_wconf 83' lang='lat' dir='ltr'>probra</span> <span class='ocrx_word' id='word_1_268' title='bbox 805 2650 987 2691; x_wconf 81' lang='lat' dir='ltr'>videnda</span> <span class='ocrx_word' id='word_1_269' title='bbox 1011 2650 1128 2698; x_wconf 89' lang='lat' dir='ltr'>meis,</span> 
     </span>
     <span class='ocr_line' id='line_1_44' title="bbox 164 2707 1286 2764; baseline -0.003 -14"><span class='ocrx_word' id='word_1_270' title='bbox 164 2723 274 2764; x_wconf 86' lang='lat' dir='ltr'>quae</span> <span class='ocrx_word' id='word_1_271' title='bbox 299 2709 407 2750; x_wconf 92' lang='lat' dir='ltr'>bene</span> <span class='ocrx_word' id='word_1_272' title='bbox 432 2708 523 2749; x_wconf 86' lang='lat' dir='ltr'>visa</span> <span class='ocrx_word' id='word_1_273' title='bbox 546 2708 648 2749; x_wconf 90' lang='lat' dir='ltr'>mihi</span> <span class='ocrx_word' id='word_1_274' title='bbox 672 2708 842 2757; x_wconf 86' lang='lat' dir='ltr'>fuerint,</span> <span class='ocrx_word' id='word_1_275' title='bbox 867 2707 974 2748; x_wconf 88' lang='lat' dir='ltr'>bene</span> <span class='ocrx_word' id='word_1_276' title='bbox 998 2707 1088 2748; x_wconf 86' lang='lat' dir='ltr'>visa</span> <span class='ocrx_word' id='word_1_277' title='bbox 1112 2715 1286 2762; x_wconf 83' lang='lat' dir='ltr'>negato:</span> 
     </span>
     <span class='ocr_line' id='line_1_45' title="bbox 223 2764 1089 2808; baseline -0.005 0"><span class='ocrx_word' id='word_1_278' title='bbox 223 2766 454 2808; x_wconf 87' lang='lat' dir='ltr'>concedent</span> <span class='ocrx_word' id='word_1_279' title='bbox 477 2765 617 2807; x_wconf 87' lang='lat' dir='ltr'>verbis</span> <span class='ocrx_word' id='word_1_280' title='bbox 642 2765 801 2806; x_wconf 88' lang='lat' dir='ltr'>lumina</span> <span class='ocrx_word' id='word_1_281' title='bbox 825 2772 969 2806; x_wconf 85' lang='lat' dir='ltr'>nostra</span> <span class='ocrx_word' id='word_1_282' title='bbox 993 2764 1089 2805; x_wconf 84' lang='lat' dir='ltr'>tuis.</span> 
     </span>
    </p>
   </div>
   <div class='ocr_carea' id='block_1_5' title="bbox 1449 237 1530 279">
    <p class='ocr_par' dir='ltr' id='par_1_22' title="bbox 1449 237 1530 279">
     <span class='ocr_line' id='line_1_46' title="bbox 1449 237 1530 279; baseline -0.012 0"><span class='ocrx_word' id='word_1_283' title='bbox 1449 237 1530 279; x_wconf 87' lang='lat'>137</span> 
     </span>
    </p>
   </div>
   <div class='ocr_carea' id='block_1_6' title="bbox 1563 736 1601 765">
    <p class='ocr_par' dir='ltr' id='par_1_23' title="bbox 1563 736 1601 765">
     <span class='ocr_line' id='line_1_47' title="bbox 1563 736 1601 765; baseline 0.026 -1"><span class='ocrx_word' id='word_1_284' title='bbox 1563 736 1601 765; x_wconf 81' lang='lat'>10</span> 
     </span>
    </p>
   </div>
   <div class='ocr_carea' id='block_1_7' title="bbox 1564 1018 1603 1047">
    <p class='ocr_par' dir='ltr' id='par_1_24' title="bbox 1564 1018 1603 1047">
     <span class='ocr_line' id='line_1_48' title="bbox 1564 1018 1603 1047; baseline 0 0"><span class='ocrx_word' id='word_1_285' title='bbox 1564 1018 1603 1047; x_wconf 76' lang='lat'>15</span> 
     </span>
    </p>
   </div>
   <div class='ocr_carea' id='block_1_8' title="bbox 1561 1868 1603 1899">
    <p class='ocr_par' dir='ltr' id='par_1_25' title="bbox 1561 1868 1603 1899">
     <span class='ocr_line' id='line_1_49' title="bbox 1561 1868 1603 1899; baseline 0.024 -1"><span class='ocrx_word' id='word_1_286' title='bbox 1561 1868 1603 1899; x_wconf 82' lang='lat'>30</span> 
     </span>
    </p>
   </div>
   <div class='ocr_carea' id='block_1_9' title="bbox 1562 2153 1602 2182">
    <p class='ocr_par' dir='ltr' id='par_1_26' title="bbox 1562 2153 1602 2182">
     <span class='ocr_line' id='line_1_50' title="bbox 1562 2153 1602 2182; baseline 0 0"><span class='ocrx_word' id='word_1_287' title='bbox 1562 2153 1602 2182; x_wconf 72' lang='lat'>35</span> 
     </span>
    </p>
   </div>
   <div class='ocr_carea' id='block_1_10' title="bbox 1560 2436 1603 2466">
    <p class='ocr_par' dir='ltr' id='par_1_27' title="bbox 1560 2436 1603 2466">
     <span class='ocr_line' id='line_1_51' title="bbox 1560 2436 1603 2466; baseline 0.023 -1"><span class='ocrx_word' id='word_1_288' title='bbox 1560 2436 1603 2466; x_wconf 84' lang='lat'>40</span> 
     </span>
    </p>
   </div>
   <div class='ocr_carea' id='block_1_11' title="bbox 1559 2721 1602 2751">
    <p class='ocr_par' dir='ltr' id='par_1_28' title="bbox 1559 2721 1602 2751">
     <span class='ocr_line' id='line_1_52' title="bbox 1559 2721 1602 2751; baseline 0 0"><span class='ocrx_word' id='word_1_289' title='bbox 1559 2721 1602 2751; x_wconf 81' lang='lat'>45</span> 
     </span>
    </p>
   </div>
  </div>
 </body>
</html>
