1831 3168
440 254 769 292 MEDICAMINA
793 254 1000 291 FORMAE
1025 255 1148 290 1—35.

319 655 870 711 MEDICAMINA
919 654 1285 708 FORMAE.

104 846 288 896 Discite,
314 861 422 901 quae
447 847 599 889 faciem
626 846 888 889 commendet
914 860 1033 894 cura,
1060 845 1239 900 puellae,

163 910 200 945 et
228 917 311 957 quo
338 904 390 945 sit
414 904 534 945 vobis
561 905 695 945 forma
720 903 877 945 tuenda
901 902 1039 942 modo.

106 961 243 1001 cultus
270 960 446 1002 humum
471 962 654 1003 sterilem
681 959 863 1002 Cerialia
888 959 1071 1013 pendere
1096 958 1218 999 iussit

161 1032 354 1058 munera:
382 1018 599 1059 mordaces
624 1018 816 1059 interiere
841 1016 948 1057 rubi.

106 1073 242 1115 cultus
268 1081 307 1115 et
332 1074 374 1115 in
399 1075 534 1130 pomis
561 1089 681 1115 sucos
708 1073 903 1115 emendat
929 1073 1116 1121 acerbos,

163 1131 359 1184 cultaque
385 1132 604 1186 adoptivas
629 1131 779 1185 accipit
805 1130 929 1171 arbor
953 1144 1067 1184 opes.

105 1188 217 1230 culta
242 1188 422 1243 placent.
484 1202 585 1229 auro
612 1187 806 1229 sublimia
832 1194 942 1228 tecta
966 1186 1167 1235 linuntur,

161 1244 283 1300 nigra
308 1245 387 1286 sub
412 1245 608 1300 imposito
633 1258 839 1285 marmore
865 1251 976 1285 terra
1000 1244 1119 1285 latet:

103 1301 259 1342 vellera
284 1316 408 1355 saepe
435 1302 581 1342 eadem
607 1301 737 1356 Tyrio
763 1301 1027 1342 medicantur
1052 1304 1175 1342 ac'no:

162 1357 302 1398 sectile
329 1358 487 1399 deliciis
514 1358 635 1399 India
660 1358 835 1413 praebet
860 1358 976 1400 ebur.

104 1414 278 1455 forsitan
305 1415 501 1468 antiquae
527 1415 650 1456 Tatio
678 1415 756 1456 sub
782 1430 881 1470 rege
908 1414 1094 1457 Sabinae

161 1471 413 1521 maluerant,
441 1486 567 1525 quam
594 1487 656 1521 se,
682 1487 780 1513 rura
804 1480 977 1527 paterna
1004 1471 1102 1512 coli:

105 1542 201 1568 cum
225 1535 436 1578 matrona,
462 1543 657 1583 premens
684 1530 815 1570 altum
840 1528 1077 1570 rubicunda
1102 1527 1245 1576 sedile,

162 1584 379 1625 assiduum
404 1585 508 1626 duro
534 1586 684 1640 pollice
709 1586 835 1627 nebat
862 1600 981 1640 OPUS,

104 1641 279 1696 ipsaque
306 1641 547 1689 claudebat,
574 1656 679 1696 quos
703 1642 789 1682 filia
813 1649 1006 1706 paverat,
1033 1655 1178 1696 agnos,

160 1698 252 1752 ipsa
278 1697 405 1739 dabat
430 1698 570 1753 virtras
597 1712 802 1752 caesaque
827 1698 942 1753 ligna
966 1698 1075 1739 foco.

107 1763 146 1794 at
172 1762 339 1796 nostiae
366 1762 519 1796 matres
546 1763 709 1796 teneras
735 1770 935 1810 pepeisseie
960 1755 1135 1810 puellas.

161 1811 286 1851 vultis
311 1811 503 1852 inaurata
529 1826 703 1866 corpoia
727 1820 842 1853 veste
869 1812 969 1866 tegi,

105 1868 230 1908 ηιῙτίε
256 1868 450 1909 odoratos
476 1869 614 1923 positu
641 1869 803 1910 variare
829 1869 1015 1924 capillos,

163 1924 410 1978 conspicuas
435 1925 612 1979 geminis
639 1926 764 1966 vultis
789 1925 944 1967 habere
970 1940 1139 1966 manus:

105 1980 275 2022 induitis
301 1982 406 2022 collo
432 1982 593 2036 lapides
619 1982 778 2024 oriente
803 1983 968 2037 petitos,

161 2046 198 2078 et
225 2045 404 2091 quantos
431 2053 535 2079 onus
562 2047 623 2079 est
650 2054 749 2080 aure
775 2039 919 2080 tulisse
945 2039 1064 2080 duos.

104 2109 179 2136 nec
205 2102 346 2136 tamen
370 2095 608 2150 indignum:
636 2096 687 2136 sit
712 2096 832 2137 vobis
858 2111 958 2137 cura
982 2095 1189 2151 placendi,

161 2165 256 2192 cum
282 2160 471 2207 comptos
497 2152 679 2193 habeant
705 2154 874 2194 saecula
897 2162 1040 2194 nostra
1066 2153 1190 2194 viios.

103 2207 286 2249 feminea
310 2209 437 2249 vestri
463 2210 677 2263 poliuntur
700 2210 794 2265 lege
820 2210 971 2258 mariti,

161 2273 199 2305 et
226 2265 295 2305 vix
322 2265 376 2305 ad
401 2266 536 2306 cultus
561 2274 711 2320 nupta,
738 2267 851 2319 quod
877 2266 1025 2314 addat,
1051 2265 1193 2306 habet.

102 2335 177 2376 pro
204 2336 248 2362 se
273 2335 466 2375 quaeque
491 2330 640 2376 parent
666 2336 770 2375 quos
797 2330 837 2363 et
862 2332 1068 2363 venentur
1094 2336 1272 2370 amores,

159 2377 299 2418 refert.
354 2378 559 2419 munditia
584 2378 758 2419 crimina
781 2379 896 2419 nulla
920 2386 1093 2420 merent.

102 2449 199 2475 rure
224 2435 355 2475 latent
380 2435 629 2489 finguntque
656 2450 809 2475 comas.
870 2435 966 2476 licet
992 2435 1148 2476 arduus
1173 2435 1265 2476 illas

162 2491 267 2532 celet
292 2491 451 2539 Athos,
478 2492 610 2532 cultas
637 2492 744 2532 altus
770 2491 942 2532 habebit
967 2492 1118 2532 Athos.

104 2556 165 2588 cst
191 2548 316 2589 etiam
342 2548 550 2602 placuisse
576 2548 655 2588 sibi
681 2548 930 2602 cuicumque
955 2549 1163 2604 voluptas.

160 2604 394 2659 virginibus
420 2605 534 2645 cordi
560 2612 764 2659 grataque
789 2605 925 2646 forma
951 2620 1026 2646 sua
1052 2614 1126 2647 est.

103 2660 294 2701 laudatas
320 2661 478 2701 homini
503 2661 684 2702 volucris
709 2662 889 2702 Iunonia
914 2677 1074 2716 pennas

161 2717 341 2772 explicat
369 2724 406 2758 et
433 2717 569 2758 forma
593 2719 725 2759 multa
751 2719 937 2773 superbit
965 2719 1065 2759 avis.

104 2774 161 2814 sic
187 2774 326 2829 potius
352 2788 427 2815 nos
452 2782 543 2816 uret
570 2790 699 2824 amor,
726 2789 852 2829 quam
878 2776 1055 2817 fortibus
1082 2775 1235 2825 herbis,

1397 243 1480 286 139

1503 1369 1547 1399 10

1502 1653 1546 1684 15

1495 2505 1538 2536 30

1496 2790 1537 2820 35
