<?xml version="1.0" encoding="UTF-8"?>
<!DOCTYPE html PUBLIC "-//W3C//DTD XHTML 1.0 Transitional//EN"
    "http://www.w3.org/TR/xhtml1/DTD/xhtml1-transitional.dtd">
<html xmlns="http://www.w3.org/1999/xhtml" xml:lang="en" lang="en">
 <head>
  <title>
</title>
<meta http-equiv="Content-Type" content="text/html;charset=utf-8" />
  <meta name='ocr-system' content='tesseract 3.04.00' />
  <meta name='ocr-capabilities' content='ocr_page ocr_carea ocr_par ocr_line ocrx_word'/>
</head>
<body>
  <div class='ocr_page' id='page_1' title='image "./carminao01oviduoft_0176.png"; bbox 0 0 1831 3168; ppageno 0'>
   <div class='ocr_carea' id='block_1_1' title="bbox 314 200 1224 246">
    <p class='ocr_par' dir='ltr' id='par_1_1' title="bbox 314 200 1224 246">
     <span class='ocr_line' id='line_1_1' title="bbox 314 200 1224 246; baseline 0.003 -4"><span class='ocrx_word' id='word_1_1' title='bbox 314 200 395 243; x_wconf 81' lang='grc'>156</span> <span class='ocrx_word' id='word_1_2' title='bbox 765 210 808 244; x_wconf 88' lang='grc' dir='ltr'>Ρ.</span> <span class='ocrx_word' id='word_1_3' title='bbox 837 209 982 246; x_wconf 80' lang='lat' dir='ltr'>OVIDI</span> <span class='ocrx_word' id='word_1_4' title='bbox 1008 209 1224 245; x_wconf 85' lang='lat' dir='ltr'>NASONIS</span> 
     </span>
    </p>
   </div>
   <div class='ocr_carea' id='block_1_2' title="bbox 207 291 1577 2792">
    <p class='ocr_par' dir='ltr' id='par_1_2' title="bbox 207 291 1577 2792">
     <span class='ocr_line' id='line_1_2' title="bbox 369 291 1321 347; baseline 0 -14"><span class='ocrx_word' id='word_1_5' title='bbox 369 292 475 333; x_wconf 74' lang='lat' dir='ltr'>velle</span> <span class='ocrx_word' id='word_1_6' title='bbox 500 291 609 332; x_wconf 86' lang='lat' dir='ltr'>latus</span> <span class='ocrx_word' id='word_1_7' title='bbox 636 291 779 346; x_wconf 80' lang='lat' dir='ltr'>digitis</span> <span class='ocrx_word' id='word_1_8' title='bbox 806 298 846 333; x_wconf 88' lang='lat' dir='ltr'>et</span> <span class='ocrx_word' id='word_1_9' title='bbox 871 291 979 346; x_wconf 89' lang='lat' dir='ltr'>pede</span> <span class='ocrx_word' id='word_1_10' title='bbox 1005 299 1131 347; x_wconf 85' lang='lat' dir='ltr'>tange</span> <span class='ocrx_word' id='word_1_11' title='bbox 1157 291 1321 347; x_wconf 86' lang='lat' dir='ltr'>pedem.</span> 
     </span>
     <span class='ocr_line' id='line_1_3' title="bbox 311 348 1469 404; baseline 0.001 -14"><span class='ocrx_word' id='word_1_12' title='bbox 311 349 521 402; x_wconf 87' lang='lat' dir='ltr'>conloquii</span> <span class='ocrx_word' id='word_1_13' title='bbox 547 349 631 389; x_wconf 89' lang='lat' dir='ltr'>iam</span> <span class='ocrx_word' id='word_1_14' title='bbox 657 356 822 403; x_wconf 90' lang='lat' dir='ltr'>tempus</span> <span class='ocrx_word' id='word_1_15' title='bbox 848 349 979 389; x_wconf 87' lang='lat' dir='ltr'>adest.</span> <span class='ocrx_word' id='word_1_16' title='bbox 1039 349 1140 403; x_wconf 84' lang='lat' dir='ltr'>fuge</span> <span class='ocrx_word' id='word_1_17' title='bbox 1166 348 1320 390; x_wconf 87' lang='lat' dir='ltr'>rustice</span> <span class='ocrx_word' id='word_1_18' title='bbox 1345 349 1469 404; x_wconf 69' lang='lat' dir='ltr'>longe</span> 
     </span>
     <span class='ocr_line' id='line_1_4' title="bbox 367 405 1525 460; baseline 0.002 -15"><span class='ocrx_word' id='word_1_19' title='bbox 367 405 464 446; x_wconf 89' lang='lat' dir='ltr'>hine</span> <span class='ocrx_word' id='word_1_20' title='bbox 489 405 643 460; x_wconf 91' lang='lat' dir='ltr'>pudor:</span> <span class='ocrx_word' id='word_1_21' title='bbox 670 405 895 447; x_wconf 83' lang='lat' dir='ltr'>audentem</span> <span class='ocrx_word' id='word_1_22' title='bbox 922 405 1112 459; x_wconf 82' lang='lat' dir='ltr'>Forsque</span> <span class='ocrx_word' id='word_1_23' title='bbox 1139 406 1371 460; x_wconf 81' lang='lat' dir='ltr'><strong>Venusque</strong></span> <span class='ocrx_word' id='word_1_24' title='bbox 1396 407 1525 447; x_wconf 83' lang='lat' dir='ltr'>iuvat.</span> 
     </span>
     <span class='ocr_line' id='line_1_5' title="bbox 310 461 1338 517; baseline 0.001 -15"><span class='ocrx_word' id='word_1_25' title='bbox 310 476 392 502; x_wconf 88' lang='lat' dir='ltr'>non</span> <span class='ocrx_word' id='word_1_26' title='bbox 419 469 493 502; x_wconf 88' lang='lat' dir='ltr'>tua</span> <span class='ocrx_word' id='word_1_27' title='bbox 518 461 597 503; x_wconf 90' lang='lat' dir='ltr'>sub</span> <span class='ocrx_word' id='word_1_28' title='bbox 623 470 786 503; x_wconf 88' lang='lat' dir='ltr'>nostras</span> <span class='ocrx_word' id='word_1_29' title='bbox 812 462 954 504; x_wconf 89' lang='lat' dir='ltr'>veniat</span> <span class='ocrx_word' id='word_1_30' title='bbox 979 462 1178 503; x_wconf 80' lang='lat' dir='ltr'>facundia</span> <span class='ocrx_word' id='word_1_31' title='bbox 1203 463 1338 517; x_wconf 82' lang='lat' dir='ltr'>leges:</span> 
     </span>
     <span class='ocr_line' id='line_1_6' title="bbox 217 518 1343 574; baseline -0.001 -13"><span class='ocrx_word' id='word_1_32' title='bbox 217 532 283 563; x_wconf 82' lang='grc'>610</span> <span class='ocrx_word' id='word_1_33' title='bbox 365 518 433 559; x_wconf 86' lang='lat' dir='ltr'>fac</span> <span class='ocrx_word' id='word_1_34' title='bbox 458 526 621 559; x_wconf 88' lang='lat' dir='ltr'>tantum</span> <span class='ocrx_word' id='word_1_35' title='bbox 646 519 841 574; x_wconf 85' lang='lat' dir='ltr'>incipias,</span> <span class='ocrx_word' id='word_1_36' title='bbox 867 527 1017 573; x_wconf 85' lang='lat' dir='ltr'>sponte</span> <span class='ocrx_word' id='word_1_37' title='bbox 1044 519 1223 560; x_wconf 87' lang='lat' dir='ltr'>disertus</span> <span class='ocrx_word' id='word_1_38' title='bbox 1250 519 1343 560; x_wconf 86' lang='lat' dir='ltr'>eris.</span> 
     </span>
     <span class='ocr_line' id='line_1_7' title="bbox 309 575 1577 630; baseline 0.002 -15"><span class='ocrx_word' id='word_1_39' title='bbox 309 582 371 616; x_wconf 84' lang='lat' dir='ltr'>est</span> <span class='ocrx_word' id='word_1_40' title='bbox 397 575 472 616; x_wconf 92' lang='lat' dir='ltr'>tibi</span> <span class='ocrx_word' id='word_1_41' title='bbox 498 576 689 630; x_wconf 78' lang='lat' dir='ltr'>agendus</span> <span class='ocrx_word' id='word_1_42' title='bbox 715 591 880 625; x_wconf 85' lang='lat' dir='ltr'>amans,</span> <span class='ocrx_word' id='word_1_43' title='bbox 906 576 1192 629; x_wconf 83' lang='lat' dir='ltr'>imitandaque</span> <span class='ocrx_word' id='word_1_44' title='bbox 1218 577 1394 618; x_wconf 89' lang='lat' dir='ltr'>vulnera</span> <span class='ocrx_word' id='word_1_45' title='bbox 1420 577 1577 618; x_wconf 78' lang='lat' dir='ltr'>verbis:</span> 
     </span>
     <span class='ocr_line' id='line_1_8' title="bbox 365 633 1292 686; baseline 0.001 -13"><span class='ocrx_word' id='word_1_46' title='bbox 365 633 469 673; x_wconf 84' lang='lat' dir='ltr'>haec</span> <span class='ocrx_word' id='word_1_47' title='bbox 495 633 570 673; x_wconf 91' lang='lat' dir='ltr'>tibi</span> <span class='ocrx_word' id='word_1_48' title='bbox 595 640 823 686; x_wconf 83' lang='lat' dir='ltr'>quaeratur</span> <span class='ocrx_word' id='word_1_49' title='bbox 848 633 1033 686; x_wconf 87' lang='lat' dir='ltr'>qualibet</span> <span class='ocrx_word' id='word_1_50' title='bbox 1061 642 1149 675; x_wconf 90' lang='lat' dir='ltr'>arte</span> <span class='ocrx_word' id='word_1_51' title='bbox 1174 633 1292 674; x_wconf 87' lang='lat' dir='ltr'>fides.</span> 
     </span>
     <span class='ocr_line' id='line_1_9' title="bbox 308 689 1541 744; baseline 0 -13"><span class='ocrx_word' id='word_1_52' title='bbox 308 704 385 731; x_wconf 89' lang='lat' dir='ltr'>nec</span> <span class='ocrx_word' id='word_1_53' title='bbox 411 689 524 731; x_wconf 91' lang='lat' dir='ltr'>credi</span> <span class='ocrx_word' id='word_1_54' title='bbox 549 690 670 731; x_wconf 88' lang='lat' dir='ltr'>labor</span> <span class='ocrx_word' id='word_1_55' title='bbox 694 698 769 731; x_wconf 88' lang='lat' dir='ltr'>est.</span> <span class='ocrx_word' id='word_1_56' title='bbox 831 690 910 731; x_wconf 83' lang='lat' dir='ltr'>sibi</span> <span class='ocrx_word' id='word_1_57' title='bbox 937 704 1130 744; x_wconf 89' lang='lat' dir='ltr'>quaeque</span> <span class='ocrx_word' id='word_1_58' title='bbox 1157 690 1324 731; x_wconf 77' lang='lat' dir='ltr'>videtur</span> <span class='ocrx_word' id='word_1_59' title='bbox 1349 691 1541 731; x_wconf 86' lang='lat' dir='ltr'>amanda.</span> 
     </span>
     <span class='ocr_line' id='line_1_10' title="bbox 365 746 1324 802; baseline 0.001 -15"><span class='ocrx_word' id='word_1_60' title='bbox 365 746 548 801; x_wconf 87' lang='lat' dir='ltr'>pessima</span> <span class='ocrx_word' id='word_1_61' title='bbox 573 746 644 788; x_wconf 89' lang='lat' dir='ltr'>sit:</span> <span class='ocrx_word' id='word_1_62' title='bbox 671 747 775 788; x_wconf 91' lang='lat' dir='ltr'>nulli</span> <span class='ocrx_word' id='word_1_63' title='bbox 800 762 885 788; x_wconf 91' lang='lat' dir='ltr'>non</span> <span class='ocrx_word' id='word_1_64' title='bbox 912 762 988 788; x_wconf 90' lang='lat' dir='ltr'>sua</span> <span class='ocrx_word' id='word_1_65' title='bbox 1012 748 1148 788; x_wconf 87' lang='lat' dir='ltr'>forma</span> <span class='ocrx_word' id='word_1_66' title='bbox 1173 747 1324 802; x_wconf 86' lang='lat' dir='ltr'>placet.</span> 
     </span>
     <span class='ocr_line' id='line_1_11' title="bbox 216 804 1308 870; baseline -0.002 -24"><span class='ocrx_word' id='word_1_67' title='bbox 216 816 280 846; x_wconf 73' lang='lat'>615</span> <span class='ocrx_word' id='word_1_68' title='bbox 308 818 433 858; x_wconf 82' lang='lat' dir='ltr'>saepe</span> <span class='ocrx_word' id='word_1_69' title='bbox 459 811 601 845; x_wconf 88' lang='lat' dir='ltr'>tamen</span> <span class='ocrx_word' id='word_1_70' title='bbox 626 819 724 845; x_wconf 85' lang='lat' dir='ltr'>vere</span> <span class='ocrx_word' id='word_1_71' title='bbox 748 804 888 870; x_wconf 72' lang='lat' dir='ltr'>eoepit</span> <span class='ocrx_word' id='word_1_72' title='bbox 912 804 1129 845; x_wconf 90' lang='lat' dir='ltr'>simulator</span> <span class='ocrx_word' id='word_1_73' title='bbox 1154 819 1308 853; x_wconf 69' lang='lat' dir='ltr'>amare,</span> 
     </span>
     <span class='ocr_line' id='line_1_12' title="bbox 365 861 1337 916; baseline 0.001 -15"><span class='ocrx_word' id='word_1_74' title='bbox 365 875 510 916; x_wconf 89' lang='lat' dir='ltr'>saepe,</span> <span class='ocrx_word' id='word_1_75' title='bbox 536 861 686 914; x_wconf 89' lang='lat' dir='ltr'>quod</span> <span class='ocrx_word' id='word_1_76' title='bbox 676 861 880 916; x_wconf 76' lang='lat' dir='ltr'>incipiens</span> <span class='ocrx_word' id='word_1_77' title='bbox 906 861 1085 902; x_wconf 85' lang='lat' dir='ltr'>finxerat</span> <span class='ocrx_word' id='word_1_78' title='bbox 1109 876 1220 910; x_wconf 84' lang='lat' dir='ltr'>esse,</span> <span class='ocrx_word' id='word_1_79' title='bbox 1245 861 1337 902; x_wconf 74' lang='lat' dir='ltr'>tuit.</span> 
     </span>
     <span class='ocr_line' id='line_1_13' title="bbox 306 917 1417 973; baseline 0.001 -16"><span class='ocrx_word' id='word_1_80' title='bbox 306 931 389 971; x_wconf 87' lang='lat' dir='ltr'>quo</span> <span class='ocrx_word' id='word_1_81' title='bbox 414 917 549 973; x_wconf 84' lang='lat' dir='ltr'>magis</span> <span class='ocrx_word' id='word_1_82' title='bbox 575 932 618 968; x_wconf 90' lang='lat' dir='ltr'>o,</span> <span class='ocrx_word' id='word_1_83' title='bbox 644 918 789 960; x_wconf 82' lang='lat' dir='ltr'>faciles</span> <span class='ocrx_word' id='word_1_84' title='bbox 814 918 1074 959; x_wconf 84' lang='lat' dir='ltr'>imitantibus</span> <span class='ocrx_word' id='word_1_85' title='bbox 1101 926 1207 966; x_wconf 88' lang='lat' dir='ltr'>este,</span> <span class='ocrx_word' id='word_1_86' title='bbox 1234 918 1417 973; x_wconf 90' lang='lat' dir='ltr'>puellae:</span> 
     </span>
     <span class='ocr_line' id='line_1_14' title="bbox 362 974 1284 1029; baseline 0 -14"><span class='ocrx_word' id='word_1_87' title='bbox 362 974 436 1015; x_wconf 84' lang='lat' dir='ltr'>fiet</span> <span class='ocrx_word' id='word_1_88' title='bbox 460 989 578 1015; x_wconf 88' lang='lat' dir='ltr'>amor</span> <span class='ocrx_word' id='word_1_89' title='bbox 603 989 747 1025; x_wconf 76' lang='lat' dir='ltr'>veius,</span> <span class='ocrx_word' id='word_1_90' title='bbox 774 975 846 1029; x_wconf 90' lang='lat' dir='ltr'>qui</span> <span class='ocrx_word' id='word_1_91' title='bbox 873 975 998 1016; x_wconf 91' lang='lat' dir='ltr'>modo</span> <span class='ocrx_word' id='word_1_92' title='bbox 1024 975 1156 1016; x_wconf 65' lang='lat' dir='ltr'>filsus</span> <span class='ocrx_word' id='word_1_93' title='bbox 1183 982 1284 1016; x_wconf 90' lang='lat' dir='ltr'>erat.</span> 
     </span>
     <span class='ocr_line' id='line_1_15' title="bbox 306 1031 1419 1087; baseline -0.001 -15"><span class='ocrx_word' id='word_1_94' title='bbox 306 1031 519 1072; x_wconf 85' lang='lat' dir='ltr'>blanditiis</span> <span class='ocrx_word' id='word_1_95' title='bbox 546 1032 734 1072; x_wconf 88' lang='lat' dir='ltr'>animum</span> <span class='ocrx_word' id='word_1_96' title='bbox 759 1032 905 1073; x_wconf 85' lang='lat' dir='ltr'>furtim</span> <span class='ocrx_word' id='word_1_97' title='bbox 931 1031 1190 1087; x_wconf 84' lang='lat' dir='ltr'>deprendere</span> <span class='ocrx_word' id='word_1_98' title='bbox 1216 1045 1328 1073; x_wconf 91' lang='lat' dir='ltr'>nunc</span> <span class='ocrx_word' id='word_1_99' title='bbox 1355 1032 1419 1080; x_wconf 87' lang='lat' dir='ltr'>sit,</span> 
     </span>
     <span class='ocr_line' id='line_1_16' title="bbox 213 1088 1261 1144; baseline -0.002 -13"><span class='ocrx_word' id='word_1_100' title='bbox 213 1101 280 1131; x_wconf 74' lang='lat'>620</span> <span class='ocrx_word' id='word_1_101' title='bbox 362 1096 406 1129; x_wconf 91' lang='lat' dir='ltr'>ut</span> <span class='ocrx_word' id='word_1_102' title='bbox 432 1088 620 1143; x_wconf 89' lang='lat' dir='ltr'>pendens</span> <span class='ocrx_word' id='word_1_103' title='bbox 645 1089 805 1143; x_wconf 88' lang='lat' dir='ltr'>liquida</span> <span class='ocrx_word' id='word_1_104' title='bbox 830 1089 922 1144; x_wconf 86' lang='lat' dir='ltr'>ripa</span> <span class='ocrx_word' id='word_1_105' title='bbox 949 1089 1112 1130; x_wconf 90' lang='lat' dir='ltr'>subitur</span> <span class='ocrx_word' id='word_1_106' title='bbox 1137 1103 1261 1143; x_wconf 88' lang='lat' dir='ltr'>aqua.</span> 
     </span>
     <span class='ocr_line' id='line_1_17' title="bbox 304 1145 1292 1201; baseline 0.001 -16"><span class='ocrx_word' id='word_1_107' title='bbox 304 1159 381 1186; x_wconf 88' lang='lat' dir='ltr'>nec</span> <span class='ocrx_word' id='word_1_108' title='bbox 406 1145 559 1187; x_wconf 86' lang='lat' dir='ltr'>faciem</span> <span class='ocrx_word' id='word_1_109' title='bbox 584 1160 661 1187; x_wconf 86' lang='lat' dir='ltr'>nee</span> <span class='ocrx_word' id='word_1_110' title='bbox 687 1154 727 1187; x_wconf 88' lang='lat' dir='ltr'>te</span> <span class='ocrx_word' id='word_1_111' title='bbox 753 1146 894 1201; x_wconf 80' lang='lat' dir='ltr'>pigeat</span> <span class='ocrx_word' id='word_1_112' title='bbox 919 1146 1092 1187; x_wconf 86' lang='lat' dir='ltr'>laudare</span> <span class='ocrx_word' id='word_1_113' title='bbox 1119 1146 1292 1200; x_wconf 83' lang='lat' dir='ltr'>capillos</span> 
     </span>
     <span class='ocr_line' id='line_1_18' title="bbox 361 1203 1267 1267; baseline -0.001 -24"><span class='ocrx_word' id='word_1_114' title='bbox 361 1209 403 1243; x_wconf 83' lang='lat' dir='ltr'>et</span> <span class='ocrx_word' id='word_1_115' title='bbox 427 1209 579 1244; x_wconf 89' lang='lat' dir='ltr'>teretes</span> <span class='ocrx_word' id='word_1_116' title='bbox 606 1203 761 1258; x_wconf 83' lang='lat' dir='ltr'>digitos</span> <span class='ocrx_word' id='word_1_117' title='bbox 787 1203 1076 1267; x_wconf 76' lang='lat' dir='ltr'>exiguumque</span> <span class='ocrx_word' id='word_1_118' title='bbox 1101 1203 1267 1257; x_wconf 89' lang='lat' dir='ltr'>pedem.</span> 
     </span>
     <span class='ocr_line' id='line_1_19' title="bbox 304 1258 1276 1314; baseline 0.001 -16"><span class='ocrx_word' id='word_1_119' title='bbox 304 1258 513 1300; x_wconf 85' lang='lat' dir='ltr'>delectant</span> <span class='ocrx_word' id='word_1_120' title='bbox 540 1259 665 1301; x_wconf 87' lang='lat' dir='ltr'>etiam</span> <span class='ocrx_word' id='word_1_121' title='bbox 692 1267 828 1301; x_wconf 87' lang='lat' dir='ltr'>castas</span> <span class='ocrx_word' id='word_1_122' title='bbox 853 1260 1076 1314; x_wconf 81' lang='lat' dir='ltr'>praeconia</span> <span class='ocrx_word' id='word_1_123' title='bbox 1103 1259 1276 1300; x_wconf 77' lang='lat' dir='ltr'>tonnae</span> 
     </span>
     <span class='ocr_line' id='line_1_20' title="bbox 360 1315 1341 1381; baseline 0.001 -25"><span class='ocrx_word' id='word_1_124' title='bbox 360 1315 594 1371; x_wconf 80' lang='lat' dir='ltr'>virginibus</span> <span class='ocrx_word' id='word_1_125' title='bbox 621 1331 746 1358; x_wconf 87' lang='lat' dir='ltr'>curae</span> <span class='ocrx_word' id='word_1_126' title='bbox 764 1328 978 1381; x_wconf 38' lang='lat' dir='ltr'>&#39;grataque</span> <span class='ocrx_word' id='word_1_127' title='bbox 1004 1316 1140 1356; x_wconf 80' lang='lat' dir='ltr'>fornia</span> <span class='ocrx_word' id='word_1_128' title='bbox 1165 1331 1241 1357; x_wconf 89' lang='lat' dir='ltr'>sua</span> <span class='ocrx_word' id='word_1_129' title='bbox 1267 1324 1341 1357; x_wconf 84' lang='lat' dir='ltr'>est.</span> 
     </span>
     <span class='ocr_line' id='line_1_21' title="bbox 212 1373 1440 1428; baseline -0.002 -13"><span class='ocrx_word' id='word_1_130' title='bbox 212 1384 276 1415; x_wconf 66' lang='lat'>625,</span> <span class='ocrx_word' id='word_1_131' title='bbox 303 1387 401 1413; x_wconf 91' lang='lat' dir='ltr'>nam</span> <span class='ocrx_word' id='word_1_132' title='bbox 427 1387 502 1414; x_wconf 90' lang='lat' dir='ltr'>cur</span> <span class='ocrx_word' id='word_1_133' title='bbox 527 1373 569 1414; x_wconf 92' lang='lat' dir='ltr'>in</span> <span class='ocrx_word' id='word_1_134' title='bbox 594 1373 741 1428; x_wconf 72' lang='lat' dir='ltr'>Phry,0</span> <span class='ocrx_word' id='word_1_135' title='bbox 718 1373 796 1414; x_wconf 68' lang='lat' dir='ltr'>‘riis</span> <span class='ocrx_word' id='word_1_136' title='bbox 822 1373 1029 1414; x_wconf 89' lang='lat' dir='ltr'>Iunonem</span> <span class='ocrx_word' id='word_1_137' title='bbox 1056 1381 1096 1414; x_wconf 89' lang='lat' dir='ltr'>et</span> <span class='ocrx_word' id='word_1_138' title='bbox 1120 1373 1300 1414; x_wconf 83' lang='lat' dir='ltr'>Pallada</span> <span class='ocrx_word' id='word_1_139' title='bbox 1326 1373 1440 1413; x_wconf 79' lang='lat' dir='ltr'>silvis</span> 
     </span>
     <span class='ocr_line' id='line_1_22' title="bbox 358 1429 1395 1485; baseline 0 -15"><span class='ocrx_word' id='word_1_140' title='bbox 358 1444 472 1471; x_wconf 86' lang='lat' dir='ltr'>nune</span> <span class='ocrx_word' id='word_1_141' title='bbox 496 1444 665 1484; x_wconf 88' lang='lat' dir='ltr'>quoque</span> <span class='ocrx_word' id='word_1_142' title='bbox 692 1430 894 1470; x_wconf 80' lang='lat' dir='ltr'>iudiciuin</span> <span class='ocrx_word' id='word_1_143' title='bbox 920 1444 1005 1470; x_wconf 88' lang='lat' dir='ltr'>non</span> <span class='ocrx_word' id='word_1_144' title='bbox 1030 1429 1215 1471; x_wconf 87' lang='lat' dir='ltr'>tenuisse</span> <span class='ocrx_word' id='word_1_145' title='bbox 1240 1429 1395 1485; x_wconf 76' lang='lat' dir='ltr'>pudet?</span> 
     </span>
     <span class='ocr_line' id='line_1_23' title="bbox 304 1486 1218 1541; baseline 0 -15"><span class='ocrx_word' id='word_1_146' title='bbox 304 1486 497 1527; x_wconf 87' lang='lat' dir='ltr'>laudatas</span> <span class='ocrx_word' id='word_1_147' title='bbox 523 1487 704 1528; x_wconf 90' lang='lat' dir='ltr'>ostendit</span> <span class='ocrx_word' id='word_1_148' title='bbox 730 1487 818 1528; x_wconf 83' lang='lat' dir='ltr'>avis</span> <span class='ocrx_word' id='word_1_149' title='bbox 845 1487 1025 1527; x_wconf 87' lang='lat' dir='ltr'>Iunonia</span> <span class='ocrx_word' id='word_1_150' title='bbox 1049 1487 1218 1541; x_wconf 85' lang='lat' dir='ltr'>pinnas:</span> 
     </span>
     <span class='ocr_line' id='line_1_24' title="bbox 358 1543 1229 1598; baseline -0.001 -14"><span class='ocrx_word' id='word_1_151' title='bbox 358 1543 393 1584; x_wconf 92' lang='lat' dir='ltr'>si</span> <span class='ocrx_word' id='word_1_152' title='bbox 418 1543 570 1585; x_wconf 88' lang='lat' dir='ltr'>tacitus</span> <span class='ocrx_word' id='word_1_153' title='bbox 597 1551 780 1598; x_wconf 87' lang='lat' dir='ltr'>spectes,</span> <span class='ocrx_word' id='word_1_154' title='bbox 805 1543 877 1584; x_wconf 89' lang='lat' dir='ltr'>illa</span> <span class='ocrx_word' id='word_1_155' title='bbox 901 1543 1089 1584; x_wconf 84' lang='lat' dir='ltr'>recondit</span> <span class='ocrx_word' id='word_1_156' title='bbox 1115 1558 1229 1598; x_wconf 86' lang='lat' dir='ltr'>opes.</span> 
     </span>
     <span class='ocr_line' id='line_1_25' title="bbox 301 1600 1319 1656; baseline 0.001 -16"><span class='ocrx_word' id='word_1_157' title='bbox 301 1600 597 1655; x_wconf 84' lang='lat' dir='ltr'>quadrupedes</span> <span class='ocrx_word' id='word_1_158' title='bbox 622 1601 731 1642; x_wconf 89' lang='lat' dir='ltr'>inter</span> <span class='ocrx_word' id='word_1_159' title='bbox 754 1600 890 1656; x_wconf 86' lang='lat' dir='ltr'>rapidi</span> <span class='ocrx_word' id='word_1_160' title='bbox 917 1601 1147 1642; x_wconf 87' lang='lat' dir='ltr'>certamina</span> <span class='ocrx_word' id='word_1_161' title='bbox 1172 1614 1319 1641; x_wconf 90' lang='lat' dir='ltr'>cursus</span> 
     </span>
     <span class='ocr_line' id='line_1_26' title="bbox 209 1657 1360 1713; baseline -0.001 -14"><span class='ocrx_word' id='word_1_162' title='bbox 209 1669 276 1700; x_wconf 84' lang='lat'>630</span> <span class='ocrx_word' id='word_1_163' title='bbox 360 1657 634 1712; x_wconf 83' lang='lat' dir='ltr'>depexaeque</span> <span class='ocrx_word' id='word_1_164' title='bbox 659 1658 785 1700; x_wconf 85' lang='lat' dir='ltr'>iubae</span> <span class='ocrx_word' id='word_1_165' title='bbox 811 1658 1043 1713; x_wconf 87' lang='lat' dir='ltr'>plausaque</span> <span class='ocrx_word' id='word_1_166' title='bbox 1071 1658 1178 1699; x_wconf 87' lang='lat' dir='ltr'>colla</span> <span class='ocrx_word' id='word_1_167' title='bbox 1202 1657 1360 1698; x_wconf 90' lang='lat' dir='ltr'>iuvant.</span> 
     </span>
     <span class='ocr_line' id='line_1_27' title="bbox 299 1714 1449 1770; baseline -0.001 -15"><span class='ocrx_word' id='word_1_168' title='bbox 299 1729 378 1756; x_wconf 89' lang='lat' dir='ltr'>nee</span> <span class='ocrx_word' id='word_1_169' title='bbox 403 1714 548 1756; x_wconf 84' lang='lat' dir='ltr'>timide</span> <span class='ocrx_word' id='word_1_170' title='bbox 574 1715 785 1770; x_wconf 87' lang='lat' dir='ltr'>promitte.</span> <span class='ocrx_word' id='word_1_171' title='bbox 846 1714 1019 1756; x_wconf 89' lang='lat' dir='ltr'>trahunt</span> <span class='ocrx_word' id='word_1_172' title='bbox 1043 1714 1250 1769; x_wconf 87' lang='lat' dir='ltr'>promissa</span> <span class='ocrx_word' id='word_1_173' title='bbox 1274 1714 1449 1769; x_wconf 88' lang='lat' dir='ltr'>puellas.</span> 
     </span>
     <span class='ocr_line' id='line_1_28' title="bbox 356 1771 1203 1826; baseline 0.001 -15"><span class='ocrx_word' id='word_1_174' title='bbox 356 1771 541 1825; x_wconf 88' lang='lat' dir='ltr'>pollicito</span> <span class='ocrx_word' id='word_1_175' title='bbox 567 1780 694 1814; x_wconf 86' lang='lat' dir='ltr'>testes</span> <span class='ocrx_word' id='word_1_176' title='bbox 720 1772 929 1826; x_wconf 90' lang='lat' dir='ltr'>quoslibet</span> <span class='ocrx_word' id='word_1_177' title='bbox 956 1772 1062 1813; x_wconf 88' lang='lat' dir='ltr'>adde</span> <span class='ocrx_word' id='word_1_178' title='bbox 1090 1771 1203 1813; x_wconf 76' lang='lat' dir='ltr'>deos,</span> 
     </span>
     <span class='ocr_line' id='line_1_29' title="bbox 298 1827 1274 1884; baseline 0.001 -16"><span class='ocrx_word' id='word_1_179' title='bbox 298 1827 492 1882; x_wconf 87' lang='lat' dir='ltr'>Iuppiter</span> <span class='ocrx_word' id='word_1_180' title='bbox 516 1843 568 1869; x_wconf 84' lang='lat' dir='ltr'>ex</span> <span class='ocrx_word' id='word_1_181' title='bbox 594 1829 678 1869; x_wconf 88' lang='lat' dir='ltr'>alto</span> <span class='ocrx_word' id='word_1_182' title='bbox 703 1829 888 1884; x_wconf 88' lang='lat' dir='ltr'>periuria</span> <span class='ocrx_word' id='word_1_183' title='bbox 912 1828 1018 1869; x_wconf 86' lang='lat' dir='ltr'>ridet</span> <span class='ocrx_word' id='word_1_184' title='bbox 1045 1837 1274 1878; x_wconf 88' lang='lat' dir='ltr'>amantum,</span> 
     </span>
     <span class='ocr_line' id='line_1_30' title="bbox 357 1884 1183 1926; baseline 0.001 -2"><span class='ocrx_word' id='word_1_185' title='bbox 357 1894 398 1925; x_wconf 83' lang='lat' dir='ltr'>et</span> <span class='ocrx_word' id='word_1_186' title='bbox 423 1884 539 1926; x_wconf 88' lang='lat' dir='ltr'>iubet</span> <span class='ocrx_word' id='word_1_187' title='bbox 564 1886 739 1926; x_wconf 86' lang='lat' dir='ltr'>Aeolios</span> <span class='ocrx_word' id='word_1_188' title='bbox 765 1885 889 1926; x_wconf 89' lang='lat' dir='ltr'>inrita</span> <span class='ocrx_word' id='word_1_189' title='bbox 914 1886 1023 1926; x_wconf 85' lang='lat' dir='ltr'>ferre</span> <span class='ocrx_word' id='word_1_190' title='bbox 1048 1893 1183 1926; x_wconf 85' lang='lat' dir='ltr'>notos.</span> 
     </span>
     <span class='ocr_line' id='line_1_31' title="bbox 207 1940 1245 1996; baseline -0.002 -12"><span class='ocrx_word' id='word_1_191' title='bbox 207 1953 272 1984; x_wconf 67' lang='lat'>632&gt;</span> <span class='ocrx_word' id='word_1_192' title='bbox 299 1956 374 1995; x_wconf 77' lang='lat' dir='ltr'>pei</span> <span class='ocrx_word' id='word_1_193' title='bbox 400 1940 537 1996; x_wconf 83' lang='lat' dir='ltr'>Styga</span> <span class='ocrx_word' id='word_1_194' title='bbox 562 1942 716 1983; x_wconf 90' lang='lat' dir='ltr'>Iunoni</span> <span class='ocrx_word' id='word_1_195' title='bbox 741 1942 931 1983; x_wconf 87' lang='lat' dir='ltr'>falsum</span> <span class='ocrx_word' id='word_1_196' title='bbox 921 1957 1058 1983; x_wconf 80' lang='lat' dir='ltr'>iurare</span> <span class='ocrx_word' id='word_1_197' title='bbox 1084 1941 1245 1983; x_wconf 87' lang='lat' dir='ltr'>solebat</span> 
     </span>
     <span class='ocr_line' id='line_1_32' title="bbox 355 1998 1293 2053; baseline 0 -15"><span class='ocrx_word' id='word_1_198' title='bbox 355 1998 566 2052; x_wconf 79' lang='lat' dir='ltr'>Iuppiter:</span> <span class='ocrx_word' id='word_1_199' title='bbox 594 1999 787 2053; x_wconf 84' lang='lat' dir='ltr'>exemplo</span> <span class='ocrx_word' id='word_1_200' title='bbox 812 2013 925 2039; x_wconf 89' lang='lat' dir='ltr'>nunc</span> <span class='ocrx_word' id='word_1_201' title='bbox 950 1998 1021 2038; x_wconf 67' lang='lat' dir='ltr'>fax</span> <span class='ocrx_word' id='word_1_202' title='bbox 1025 2005 1064 2039; x_wconf 87' lang='lat' dir='ltr'>et</span> <span class='ocrx_word' id='word_1_203' title='bbox 1091 1998 1178 2053; x_wconf 90' lang='lat' dir='ltr'>ipse</span> <span class='ocrx_word' id='word_1_204' title='bbox 1205 2012 1293 2038; x_wconf 90' lang='lat' dir='ltr'>suo.</span> 
     </span>
     <span class='ocr_line' id='line_1_33' title="bbox 300 2055 1492 2109; baseline 0.001 -14"><span class='ocrx_word' id='word_1_205' title='bbox 300 2055 469 2109; x_wconf 80' lang='lat' dir='ltr'>expedit</span> <span class='ocrx_word' id='word_1_206' title='bbox 495 2070 585 2097; x_wconf 87' lang='lat' dir='ltr'>esse</span> <span class='ocrx_word' id='word_1_207' title='bbox 612 2055 726 2096; x_wconf 83' lang='lat' dir='ltr'>deos.</span> <span class='ocrx_word' id='word_1_208' title='bbox 789 2063 849 2104; x_wconf 91' lang='lat' dir='ltr'>et,</span> <span class='ocrx_word' id='word_1_209' title='bbox 876 2063 922 2096; x_wconf 88' lang='lat' dir='ltr'>ut</span> <span class='ocrx_word' id='word_1_210' title='bbox 947 2055 1136 2109; x_wconf 80' lang='lat' dir='ltr'>expedit,</span> <span class='ocrx_word' id='word_1_211' title='bbox 1164 2070 1254 2096; x_wconf 88' lang='lat' dir='ltr'>esse</span> <span class='ocrx_word' id='word_1_212' title='bbox 1280 2062 1492 2109; x_wconf 86' lang='lat' dir='ltr'>putemus.</span> 
     </span>
     <span class='ocr_line' id='line_1_34' title="bbox 357 2111 1342 2166; baseline 0 -14"><span class='ocrx_word' id='word_1_213' title='bbox 357 2112 508 2153; x_wconf 84' lang='lat' dir='ltr'>dentur</span> <span class='ocrx_word' id='word_1_214' title='bbox 532 2112 574 2152; x_wconf 91' lang='lat' dir='ltr'>in</span> <span class='ocrx_word' id='word_1_215' title='bbox 601 2112 795 2166; x_wconf 90' lang='lat' dir='ltr'>antiquos</span> <span class='ocrx_word' id='word_1_216' title='bbox 821 2120 915 2153; x_wconf 85' lang='lat' dir='ltr'>tura</span> <span class='ocrx_word' id='word_1_217' title='bbox 941 2126 1187 2165; x_wconf 88' lang='lat' dir='ltr'>merumque</span> <span class='ocrx_word' id='word_1_218' title='bbox 1212 2111 1342 2153; x_wconf 87' lang='lat' dir='ltr'>focos.</span> 
     </span>
     <span class='ocr_line' id='line_1_35' title="bbox 298 2169 1234 2223; baseline 0 -15"><span class='ocrx_word' id='word_1_219' title='bbox 298 2183 376 2209; x_wconf 87' lang='lat' dir='ltr'>nec</span> <span class='ocrx_word' id='word_1_220' title='bbox 401 2183 550 2210; x_wconf 88' lang='lat' dir='ltr'>secura</span> <span class='ocrx_word' id='word_1_221' title='bbox 575 2169 694 2223; x_wconf 85' lang='lat' dir='ltr'>quies</span> <span class='ocrx_word' id='word_1_222' title='bbox 719 2169 811 2210; x_wconf 89' lang='lat' dir='ltr'>illos</span> <span class='ocrx_word' id='word_1_223' title='bbox 838 2169 1068 2222; x_wconf 86' lang='lat' dir='ltr'>similisque</span> <span class='ocrx_word' id='word_1_224' title='bbox 1094 2169 1234 2223; x_wconf 88' lang='lat' dir='ltr'>sopori</span> 
     </span>
     <span class='ocr_line' id='line_1_36' title="bbox 208 2225 1252 2275; baseline -0.003 -6"><span class='ocrx_word' id='word_1_225' title='bbox 208 2238 274 2269; x_wconf 74' lang='lat'>640</span> <span class='ocrx_word' id='word_1_226' title='bbox 358 2225 535 2275; x_wconf 81' lang='lat' dir='ltr'>detinet3</span> <span class='ocrx_word' id='word_1_227' title='bbox 562 2226 740 2267; x_wconf 89' lang='lat' dir='ltr'>innocue</span> <span class='ocrx_word' id='word_1_228' title='bbox 766 2225 912 2267; x_wconf 82' lang='lat' dir='ltr'>vivite:</span> <span class='ocrx_word' id='word_1_229' title='bbox 939 2240 1098 2267; x_wconf 88' lang='lat' dir='ltr'>numen</span> <span class='ocrx_word' id='word_1_230' title='bbox 1123 2226 1252 2266; x_wconf 84' lang='lat' dir='ltr'>adest.</span> 
     </span>
     <span class='ocr_line' id='line_1_37' title="bbox 298 2282 1385 2338; baseline 0.001 -16"><span class='ocrx_word' id='word_1_231' title='bbox 298 2282 459 2324; x_wconf 89' lang='lat' dir='ltr'>reddite</span> <span class='ocrx_word' id='word_1_232' title='bbox 485 2283 742 2338; x_wconf 86' lang='lat' dir='ltr'>depositum:</span> <span class='ocrx_word' id='word_1_233' title='bbox 769 2283 903 2338; x_wconf 85' lang='lat' dir='ltr'>pietas</span> <span class='ocrx_word' id='word_1_234' title='bbox 929 2297 1006 2323; x_wconf 88' lang='lat' dir='ltr'>sua</span> <span class='ocrx_word' id='word_1_235' title='bbox 1032 2282 1205 2324; x_wconf 88' lang='lat' dir='ltr'>foedera</span> <span class='ocrx_word' id='word_1_236' title='bbox 1229 2289 1385 2324; x_wconf 81' lang='lat' dir='ltr'>servet:</span> 
     </span>
     <span class='ocr_line' id='line_1_38' title="bbox 356 2339 1339 2381; baseline 0 -2"><span class='ocrx_word' id='word_1_237' title='bbox 356 2339 472 2381; x_wconf 84' lang='lat' dir='ltr'>fraus</span> <span class='ocrx_word' id='word_1_238' title='bbox 498 2340 624 2381; x_wconf 86' lang='lat' dir='ltr'>absit:</span> <span class='ocrx_word' id='word_1_239' title='bbox 651 2354 807 2381; x_wconf 89' lang='lat' dir='ltr'>vacuas</span> <span class='ocrx_word' id='word_1_240' title='bbox 834 2339 974 2381; x_wconf 88' lang='lat' dir='ltr'>caedis</span> <span class='ocrx_word' id='word_1_241' title='bbox 1001 2339 1152 2381; x_wconf 88' lang='lat' dir='ltr'>habete</span> <span class='ocrx_word' id='word_1_242' title='bbox 1177 2354 1339 2381; x_wconf 88' lang='lat' dir='ltr'>manus.</span> 
     </span>
     <span class='ocr_line' id='line_1_39' title="bbox 298 2396 1235 2452; baseline 0.002 -17"><span class='ocrx_word' id='word_1_243' title='bbox 298 2396 450 2446; x_wconf 88' lang='lat' dir='ltr'>ludite,</span> <span class='ocrx_word' id='word_1_244' title='bbox 477 2397 512 2438; x_wconf 91' lang='lat' dir='ltr'>si</span> <span class='ocrx_word' id='word_1_245' title='bbox 538 2397 703 2452; x_wconf 84' lang='lat' dir='ltr'>sapitis,</span> <span class='ocrx_word' id='word_1_246' title='bbox 729 2397 873 2437; x_wconf 87' lang='lat' dir='ltr'>solas</span> <span class='ocrx_word' id='word_1_247' title='bbox 863 2411 1035 2451; x_wconf 83' lang='lat' dir='ltr'>impune</span> <span class='ocrx_word' id='word_1_248' title='bbox 1060 2397 1235 2451; x_wconf 87' lang='lat' dir='ltr'>puellas.</span> 
     </span>
     <span class='ocr_line' id='line_1_40' title="bbox 356 2453 1331 2509; baseline 0.002 -16"><span class='ocrx_word' id='word_1_249' title='bbox 356 2453 434 2494; x_wconf 75' lang='lat' dir='ltr'>liae</span> <span class='ocrx_word' id='word_1_250' title='bbox 460 2454 594 2509; x_wconf 84' lang='lat' dir='ltr'>magis</span> <span class='ocrx_word' id='word_1_251' title='bbox 621 2462 684 2495; x_wconf 84' lang='lat' dir='ltr'>est</span> <span class='ocrx_word' id='word_1_252' title='bbox 707 2469 792 2495; x_wconf 89' lang='lat' dir='ltr'>una</span> <span class='ocrx_word' id='word_1_253' title='bbox 817 2454 965 2495; x_wconf 88' lang='lat' dir='ltr'>fraude</span> <span class='ocrx_word' id='word_1_254' title='bbox 991 2453 1190 2508; x_wconf 87' lang='lat' dir='ltr'>pudenda</span> <span class='ocrx_word' id='word_1_255' title='bbox 1214 2453 1331 2495; x_wconf 83' lang='lat' dir='ltr'>fides.</span> 
     </span>
     <span class='ocr_line' id='line_1_41' title="bbox 207 2508 1320 2565; baseline -0.003 -12"><span class='ocrx_word' id='word_1_256' title='bbox 207 2523 272 2553; x_wconf 71' lang='lat'>615</span> <span class='ocrx_word' id='word_1_257' title='bbox 300 2508 430 2551; x_wconf 68' lang='lat' dir='ltr'>fillite</span> <span class='ocrx_word' id='word_1_258' title='bbox 455 2511 665 2552; x_wconf 67' lang='lat' dir='ltr'>fillentes:</span> <span class='ocrx_word' id='word_1_259' title='bbox 693 2527 745 2552; x_wconf 85' lang='lat' dir='ltr'>ex</span> <span class='ocrx_word' id='word_1_260' title='bbox 770 2525 926 2565; x_wconf 82' lang='lat' dir='ltr'>magna</span> <span class='ocrx_word' id='word_1_261' title='bbox 950 2519 1069 2565; x_wconf 89' lang='lat' dir='ltr'>parte</span> <span class='ocrx_word' id='word_1_262' title='bbox 1094 2510 1320 2565; x_wconf 79' lang='lat' dir='ltr'>pr&#39;otanum</span> 
     </span>
     <span class='ocr_line' id='line_1_42' title="bbox 355 2566 1468 2622; baseline 0.001 -15"><span class='ocrx_word' id='word_1_263' title='bbox 355 2574 452 2607; x_wconf 89' lang='lat' dir='ltr'>sunt</span> <span class='ocrx_word' id='word_1_264' title='bbox 477 2582 631 2622; x_wconf 85' lang='lat' dir='ltr'>genus·</span> <span class='ocrx_word' id='word_1_265' title='bbox 658 2568 701 2609; x_wconf 93' lang='lat' dir='ltr'>in</span> <span class='ocrx_word' id='word_1_266' title='bbox 725 2568 919 2621; x_wconf 83' lang='lat' dir='ltr'>laqueos,</span> <span class='ocrx_word' id='word_1_267' title='bbox 945 2581 1050 2621; x_wconf 81' lang='lat' dir='ltr'>quos</span> <span class='ocrx_word' id='word_1_268' title='bbox 1077 2582 1276 2622; x_wconf 89' lang='lat' dir='ltr'>posuere,</span> <span class='ocrx_word' id='word_1_269' title='bbox 1303 2566 1468 2609; x_wconf 86' lang='lat' dir='ltr'>cadant.</span> 
     </span>
     <span class='ocr_line' id='line_1_43' title="bbox 300 2623 1306 2680; baseline 0.001 -17"><span class='ocrx_word' id='word_1_270' title='bbox 300 2623 453 2664; x_wconf 90' lang='lat' dir='ltr'>dicitur</span> <span class='ocrx_word' id='word_1_271' title='bbox 478 2625 701 2680; x_wconf 83' lang='lat' dir='ltr'>Aegyptos</span> <span class='ocrx_word' id='word_1_272' title='bbox 728 2624 912 2666; x_wconf 75' lang='lat' dir='ltr'>caluisse</span> <span class='ocrx_word' id='word_1_273' title='bbox 936 2624 1179 2665; x_wconf 88' lang='lat' dir='ltr'>iuvantibus</span> <span class='ocrx_word' id='word_1_274' title='bbox 1205 2639 1306 2665; x_wconf 79' lang='lat' dir='ltr'>arva</span> 
     </span>
     <span class='ocr_line' id='line_1_44' title="bbox 353 2679 1359 2734; baseline 0.001 -14"><span class='ocrx_word' id='word_1_275' title='bbox 353 2679 560 2721; x_wconf 87' lang='lat' dir='ltr'>imbribus</span> <span class='ocrx_word' id='word_1_276' title='bbox 587 2690 712 2734; x_wconf 85' lang='lat' dir='ltr'>atque</span> <span class='ocrx_word' id='word_1_277' title='bbox 739 2696 869 2722; x_wconf 85' lang='lat' dir='ltr'>annos</span> <span class='ocrx_word' id='word_1_278' title='bbox 896 2680 1007 2722; x_wconf 86' lang='lat' dir='ltr'>sicca</span> <span class='ocrx_word' id='word_1_279' title='bbox 1030 2680 1161 2722; x_wconf 86' lang='lat' dir='ltr'>fuisse</span> <span class='ocrx_word' id='word_1_280' title='bbox 1186 2695 1359 2722; x_wconf 79' lang='lat' dir='ltr'>novem:</span> 
     </span>
     <span class='ocr_line' id='line_1_45' title="bbox 298 2736 1377 2792; baseline 0.001 -15"><span class='ocrx_word' id='word_1_281' title='bbox 298 2750 394 2777; x_wconf 83' lang='lat' dir='ltr'>cum</span> <span class='ocrx_word' id='word_1_282' title='bbox 420 2736 623 2778; x_wconf 85' lang='lat' dir='ltr'>Thrasius</span> <span class='ocrx_word' id='word_1_283' title='bbox 650 2738 820 2778; x_wconf 87' lang='lat' dir='ltr'>Busirin</span> <span class='ocrx_word' id='word_1_284' title='bbox 847 2738 933 2779; x_wconf 86' lang='lat' dir='ltr'>adit</span> <span class='ocrx_word' id='word_1_285' title='bbox 959 2745 1247 2792; x_wconf 75' lang='lat' dir='ltr'>monstiatque</span> <span class='ocrx_word' id='word_1_286' title='bbox 1272 2736 1377 2792; x_wconf 88' lang='lat' dir='ltr'>piari</span> 
     </span>
    </p>
   </div>
  </div>
 </body>
</html>
