1831 3168
335 261 417 302 144
794 271 834 304 Ι).
864 270 1010 306 OVIDI
1037 269 1254 305 NASONIS

388 353 542 394 1111111110
569 352 638 393 illa
665 351 784 401 facit,
812 353 925 406 quod
951 352 1030 393 fuit
1057 353 1149 407 ipsa
1175 351 1279 392 Iovi.

333 418 371 451 01
399 411 491 450 sora
516 409 775 450 conveniunt
799 433 855 438 -—
881 410 974 463 quis
1001 409 1171 451 credere
1198 408 1356 463 possit?
1380 433 1434 437 —
1461 409 1608 459 amori,

262 481 305 509 00
388 468 643 520 flammaque
669 466 713 506 in
739 474 889 521 arguto
916 481 1041 521 saepe
1068 475 1235 520 reperta
1260 466 1367 506 foro.

331 523 500 565 subdita
526 537 610 577 qua
638 523 814 565 Veneris
841 523 953 564 facto
981 524 1032 564 de
1059 537 1268 564 marmore
1294 523 1450 578 templo

387 579 553 635 Appias
579 580 789 634 expressis
816 584 913 621 affra
938 581 1079 635 pulsat
1105 580 1239 634 aquis,

329 638 400 678 illo
427 652 553 692 saepe
578 637 671 678 loco
698 637 861 693 capitur
887 638 1103 679 consultus
1130 637 1295 685 Amori,

388 694 544 748 quique
571 694 662 735 aliis
689 695 820 744 cavit,
846 709 931 736 non
958 704 1079 736 cavet
1104 695 1195 750 ipse
1222 694 1320 735 sibi:

260 766 302 796 85>
328 752 399 792 illo
427 766 552 806 saepe
576 752 669 792 loco
696 752 849 793 desunt
873 767 950 794 sua
976 752 1106 793 verba
1132 752 1302 800 diserto,

386 822 538 862 resque
563 823 699 850 novae
726 810 923 859 veniunt,
951 824 1164 863 causaque
1191 808 1358 863 agenda
1383 823 1459 849 sua
1484 815 1560 850 est.

330 866 443 907 hunc
469 866 618 908 Venus
645 881 667 907 e
693 866 880 921 templis,
907 881 974 920 qu
967 882 1016 908 10
1042 874 1139 908 sunt
1166 866 1366 915 confinia,
1394 866 1514 907 iidet.

388 923 460 977 qui
487 923 613 963 modo
630 930 867 989 ‘pationusz
887 939 1001 965 nunc
1027 924 1143 979 cupit
1169 938 1259 965 esse
1287 923 1429 965 cliens.

329 981 403 1022 sed
428 988 473 1022 tu
499 980 726 1036 praecipue
753 981 892 1022 curvis
919 996 1074 1022 venare
1101 980 1294 1022 theatris.

261 1050 303 1080 90
385 1038 490 1078 111100
516 1038 609 1079 loca
635 1046 733 1079 sunt
758 1046 856 1079 voto
882 1038 1086 1080 fertiliora
1111 1045 1196 1078 tuo.

327 1095 449 1136 illic
438 1094 629 1136 invenies
656 1095 768 1149 quod
795 1111 930 1144 ames,
957 1096 1069 1150 quod
1097 1095 1242 1136 111ᾶοιο
1269 1094 1418 1150 possis,

385 1152 585 1206 quodque
612 1152 739 1193 semel
766 1160 936 1207 tangas,
964 1153 1163 1206 quodque
1189 1159 1331 1193 tenere
1357 1152 1475 1193 velis.

327 1218 376 1251 ut
400 1209 509 1251 redit
533 1209 651 1263 itque
679 1209 717 1249 f1
720 1224 878 1263 equens
904 1210 1080 1265 longum
1106 1210 1283 1251 fonnica
1310 1224 1419 1264 per«
1410 1223 1578 1265 agmen,

385 1266 599 1322 granifero
626 1266 796 1307 solitum
822 1282 918 1308 cum
946 1267 1061 1308 vehit
1086 1282 1156 1307 Ole
1184 1266 1339 1315 cibum,

259 1336 300 1366 95
328 1332 402 1365 aut
426 1331 473 1365 ut
499 1339 600 1379 apes
626 1323 842 1378 saltusque
869 1338 967 1365 suos
994 1332 1035 1365 et
1061 1324 1217 1364 olentia
1242 1333 1391 1364 nactae

384 1395 544 1436 pascua
568 1395 644 1436 per
668 1381 791 1422 flores
819 1388 860 1422 et
885 1381 1031 1435 thyma
1057 1396 1222 1422 summa
1248 1381 1403 1428 volant,

328 1439 387 1480 sic
414 1438 498 1479 ruit
523 1437 566 1478 in
593 1437 780 1479 celebres
809 1438 1040 1479 cultissima
1065 1438 1224 1479 semina
1249 1438 1391 1479 ludos:

385 1495 506 1550 copia
530 1494 735 1536 iudicium
761 1510 887 1550 saepe
914 1502 1077 1536 morata
1101 1511 1243 1536 meum
1270 1503 1344 1536 cst.

327 1559 564 1608 spectatum
590 1552 785 1601 veniunt,
812 1552 988 1594 veniunt
1013 1559 1257 1607 spectentur
1282 1560 1326 1592 ut
1352 1551 1483 1606 ipsae.

235 1624 299 1655 100
382 1610 452 1651 ille
478 1610 596 1650 locus
622 1609 726 1650 casti
752 1610 908 1651 damna
932 1609 1106 1664 pudoris
1132 1609 1273 1650 habet.

324 1667 486 1723 primus
513 1666 713 1708 sollicitos
740 1666 897 1716 fecisti,
923 1667 1126 1715 Romule,
1151 1666 1288 1714 ludos,

384 1740 481 1766 cum
506 1723 613 1765 iuvit
639 1724 790 1765 viduos
816 1732 939 1780 rapta
965 1723 1127 1766 Sabina
1152 1723 1278 1765 viros.

325 1790 426 1824 tunc
451 1796 589 1835 neque
616 1796 852 1823 marmoreo
878 1781 1121 1837 pendebant
1148 1782 1243 1823 vela
1267 1780 1446 1829 theatro,

381 1853 460 1881 nec
486 1839 654 1880 fuerant
679 1839 839 1893 liquido
866 1839 1030 1894 pulpita
1055 1839 1185 1880 rubra
1211 1852 1346 1880 croco.

234 1912 297 1942 105
322 1896 421 1945 illic,
448 1910 553 1950 quas
580 1896 762 1937 tulerant
789 1911 1013 1937 nemorosa
1038 1895 1223 1943 Palatia,
1250 1895 1420 1936 frondes

381 1953 628 2008 simpliciter
653 1953 836 2008 positae3
864 1967 991 1994 scena
1016 1953 1104 1994 sine
1131 1962 1219 1994 11110
1245 1952 1338 1993 fuit.

322 2010 367 2051 in
391 2009 594 2066 gradibus
621 2010 728 2051 sedit
753 2010 935 2064 populus
961 2010 1013 2051 de
1039 2010 1223 2064 caespite
1249 2009 1385 2057 factis,

383 2044 571 2121 qualibet
596 2065 779 2107 hirsutas
805 2067 955 2108 fronde
982 2074 1150 2120 tegente
1176 2081 1331 2107 comas.

323 2123 555 2180 lespiciunt
581 2123 798 2178 oculisque
824 2131 972 2165 notant
999 2104 1077 2165 sibi
1103 2123 1282 2177 quisque
1308 2122 1510 2177 puellam

235 2196 299 2227 110
383 2196 511 2236 quam
538 2180 657 2230 velit,
684 2188 725 2223 et
750 2180 876 2222 tacito
903 2188 1072 2237 pectole
1097 2181 1231 2221 multa
1256 2194 1353 2220 mov
1358 2186 1441 2221 ent.

325 2238 531 2292 dumque,
557 2238 707 2279 rudem
733 2239 962 2293 praebente
988 2237 1163 2278 modum
1190 2237 1362 2278 tibicine
1388 2236 1545 2285 Tusco,

380 2296 521 2337 ludius
547 2303 772 2349 aequatam
797 2302 860 2337 ter
884 2295 993 2351 pede
1018 2295 1158 2350 pulsat
1184 2294 1376 2343 humum,

323 2353 366 2394 in
391 2353 530 2394 medio
556 2353 709 2408 plausu
733 2377 791 2382 ——
815 2352 990 2408 plausus
1016 2361 1117 2394 tunc
1143 2359 1231 2393 arte
1258 2350 1457 2393 carebant
1487 2374 1546 2380 ——

381 2426 455 2452 rex
480 2410 638 2465 populo
664 2410 848 2465 praedae
873 2410 996 2465 signa
1020 2410 1204 2465 petenda
1229 2409 1358 2450 dedit

235 2483 298 2512 115
324 2468 516 2523 protinus
543 2467 720 2509 exiliunt
745 2467 934 2508 animum
961 2467 1143 2508 clamore
1169 2466 1349 2507 fatentes

381 2524 619 2580 vilginibus
648 2525 774 2580 cupid
779 2540 824 2565 as
850 2524 1111 2578 iniciuntque
1136 2538 1301 2564 manus.

324 2590 372 2623 ut
395 2559 566 2637 fugiunt
590 2582 773 2636 aquilas,
799 2581 1066 2622 timidissima
1091 2581 1228 2629 turba,
1255 2578 1493 2627 columbae,

383 2646 514 2692 utque
540 2638 650 2694 sugit
676 2639 788 2680 visos
815 2654 927 2694 agna
951 2638 1118 2679 novella
1142 2638 1286 2692 lupos:

326 2695 386 2737 sic
411 2695 506 2736 illae
532 2696 710 2738 timuere
736 2696 847 2737 viros
873 2695 962 2737 sinc
988 2710 1104 2737 more
1129 2702 1312 2736 ruentes.

235 2766 300 2797 120
385 2752 571 2793 constitit
596 2753 637 2793 in
665 2753 800 2802 nulla,
827 2753 900 2806 qui
926 2752 1007 2793 fuit
1032 2760 1148 2800 ante,
1174 2752 1300 2793 color.

325 2824 424 2850 nam
449 2809 574 2850 timor
599 2824 707 2850 unus
734 2817 842 2858 erat,
869 2810 998 2851 facies
1025 2823 1108 2850 11011
1135 2824 1219 2849 111111
1246 2806 1423 2848 timoris:
