1831 3168
431 218 703 255 HEROIDUM
727 217 776 252 II.
804 218 973 252 92—148.
1001 217 1068 252 111.
1097 218 1218 252 1—29.
1482 209 1504 250 7

200 314 497 354 Occurramque
523 300 653 341 oculis
678 300 929 341 intumulata
953 299 1054 340 tuis:

143 357 295 398 duritia
317 357 474 398 ferrum
500 364 545 397 ut
571 371 742 411 superes
768 356 1076 410 adamantaque
1101 362 1239 410 teque,

199 418 301 454 ‘non
325 413 400 455 tibi
426 413 502 454 sic'
530 413 642 454 dices
669 412 848 468 ‘Phylli,
875 412 1114 467 sequendus
1140 411 1281 454 eram?

142 485 266 525 saepe
291 484 546 512 venenorum
573 469 661 510 sitis
689 478 750 510 est
775 469 895 518 mihi,
922 484 1046 524 saepe
1073 478 1246 510 cruenta

199 527 412 567 traiectam
437 526 577 582 gladio
603 535 734 567 morte
758 526 894 580 perire
920 526 1048 567 iuvat.
1536 538 1598 568 140

142 583 248 624 colla
273 597 452 637 quoquc,
478 582 616 623 infidis
642 582 741 636 quia
765 597 808 623 se
833 582 1041 623 nectenda
1064 582 1230 623 lacertis

199 639 501 695 praebuerunt,
526 638 687 691 laqueis
711 638 951 693 inplicuisse
976 638 1106 679 lubet.

143 705 223 736 stat
248 710 350 736 nece
374 703 538 735 matura
563 703 753 735 tenerum
775 709 955 748 pensare
979 695 1197 748 pudorem.

197 751 239 792 in
265 751 378 792 necis
403 751 538 792 electu
563 765 694 805 parva
718 749 861 790 futura
887 764 1004 790 mora
1030 759 1104 790 est.

139 807 365 849 inscribere
390 821 483 849 meo
509 821 636 848 causa
660 805 868 847 invidiosa
892 805 1133 861 sepulchro:
1534 821 1596 850 145

197 872 267 905 aut
293 864 391 912 hoc,
418 871 488 904 aut
515 862 640 904 simili
666 863 849 904 carmine
874 872 1000 904 notus
1026 863 1106 904 eris

139 920 357 975 ‘Phyllida
382 919 666 975 Demophoon
692 919 775 960 leto
802 919 936 968 dedit,
963 919 1115 974 hospes
1142 926 1373 962 amantem:

194 977 262 1019 ille
288 977 401 1018 neeis
427 991 598 1018 causam
623 976 838 1031 praebuit,
863 976 956 1031 ipsa
982 976 1180 1017 manum.'

138 1146 280 1199 Quam
305 1146 429 1201 legis,
456 1162 480 1187 a
504 1154 625 1201 rapta
649 1145 841 1187 Briseide
866 1146 1004 1188 littera
1028 1145 1157 1195 venit,
1464 1156 1597 1190 Briseis

193 1203 263 1243 vix
290 1203 396 1244 bene
423 1202 641 1244 barbarica
667 1201 835 1245 Graeca
858 1210 1003 1244 notata
1027 1218 1170 1244 manu.
1461 1202 1596 1235 Achilli.

137 1274 426 1314 quascumque
453 1259 649 1314 aspicies,
673 1259 872 1301 lacrimae
897 1259 1035 1301 fecere
1060 1259 1220 1300 lituras.

194 1316 267 1358 sed
293 1324 434 1358 tamen
460 1324 500 1358 et
525 1316 723 1358 lacrimae
748 1317 935 1372 pondera
960 1316 1075 1358 vocis
1100 1316 1270 1357 habent.

137 1373 189 1414 sit
213 1372 314 1413 mihi
339 1387 476 1428 pauca
500 1373 618 1427 queri
644 1373 695 1414 de
720 1380 760 1414 te
786 1373 1039 1427 dominoque
1064 1373 1258 1427 viroque:
1555 1386 1574 1416 5

192 1430 256 1470 fas
282 1438 344 1471 est
369 1430 420 1471 de
447 1429 616 1471 domino
641 1444 779 1485 pauca
803 1430 977 1484 viroque
1002 1430 1134 1484 queri.

138 1501 239 1535 non,
265 1501 344 1542 ego
369 1487 558 1541 poscenti
585 1486 699 1540 quod
724 1502 817 1528 sum
843 1487 923 1528 cito
949 1487 1102 1528 tradita
1127 1486 1232 1542 regi,

195 1543 318 1598 culpa
342 1551 416 1584 tua
441 1552 514 1584 est.
575 1543 769 1596 quamvis
794 1543 899 1585 haec
924 1557 1094 1598 quoque
1120 1544 1244 1598 culpa
1267 1551 1341 1584 tua
1366 1550 1440 1585 est.

137 1615 235 1640 nam
262 1599 384 1640 simul
409 1599 650 1654 Eurybates
676 1615 744 1641 me
769 1600 1108 1655 Talthybiusque
1135 1608 1354 1649 vocarunt,

194 1655 403 1710 Eurybati
429 1656 528 1697 data
552 1671 644 1696 sum
670 1656 983 1711 Talthybioque
1009 1671 1162 1698 comes.
1533 1670 1575 1701 10

139 1713 243 1754 alter
267 1713 309 1753 in
335 1713 505 1754 alterius
530 1713 734 1754 iactantes
759 1713 920 1754 lumina
944 1713 1105 1755 vultum

195 1769 454 1822 quaerebant
479 1769 612 1818 taciti,
637 1776 780 1810 noster
802 1769 877 1810 ubi
902 1777 1012 1811 esset
1037 1785 1167 1811 amor.

137 1826 296 1867 differri
320 1826 456 1880 potui:
481 1840 641 1881 poenae
666 1840 784 1866 mora
808 1833 930 1881 grata
953 1825 1116 1868 fuisset.

194 1883 231 1924 ei
256 1882 376 1932 mihi,
403 1882 622 1924 discedens
649 1883 793 1923 oscula
816 1883 933 1924 nulla
958 1882 1074 1924 dedi!

137 1948 176 1981 at
202 1940 396 1981 lacrimas
421 1939 510 1980 sine
534 1939 617 1981 fine
643 1939 758 1987 dedi,
784 1939 963 1994 rupique
990 1939 1182 1994 capillos:
1533 1954 1572 1983 15

192 1996 338 2038 infelix
362 1996 514 2037 itelum
540 2011 635 2037 sum
659 1996 762 2037 mihi
787 1996 878 2037 visa
904 1996 1011 2051 capi.

136 2068 261 2108 saepe
287 2067 366 2108 ego
392 2053 568 2107 decepto
593 2053 708 2094 volui
733 2053 908 2094 custode
932 2053 1103 2095 reverti:

194 2110 266 2152 sed
290 2125 357 2151 me
383 2110 456 2164 qui
479 2109 671 2151 timidam
695 2110 939 2165 prenderet,
965 2109 1095 2151 hostis
1122 2117 1223 2151 erat.

137 2167 170 2207 si
195 2181 418 2222 progressa
442 2166 596 2216 forem,
622 2181 795 2222 caperer
818 2182 872 2208 ne
896 2175 1038 2216 nocte,
1064 2167 1280 2217 timebam,

193 2223 423 2277 quamlibet
449 2223 503 2264 ad
526 2223 687 2264 Priami
712 2239 866 2264 munus
891 2224 1001 2265 itura
1025 2239 1193 2264 nurum.
1530 2237 1571 2267 20

138 2280 210 2321 sed
236 2280 334 2321 data
359 2281 456 2328 sim,
483 2280 582 2334 quia
609 2280 748 2321 danda
771 2280 847 2321 fui.
907 2288 969 2321 tot
992 2280 1187 2321 noctibus
1214 2281 1377 2329 absum,

194 2351 271 2378 nec
295 2345 473 2391 repetor.
523 2351 681 2387 cessas,
707 2337 853 2391 iraque
877 2337 992 2378 lenta
1016 2345 1089 2378 tua
1115 2345 1190 2379 est.

137 2393 227 2448 ipse
251 2393 544 2435 Menoetiades
569 2401 678 2443 tum,
704 2408 802 2435 cum
827 2394 1043 2442 tradebar,
1068 2394 1111 2434 in
1137 2409 1282 2435 aurem

197 2449 319 2503 ‘quid
343 2449 443 2490 fles?
468 2449 536 2490 hic
560 2465 691 2504 parvo
717 2450 924 2504 tempore’
952 2450 1057 2490 dixit
1083 2450 1211 2491 ‘eris.’

137 2520 216 2547 nec
239 2506 460 2561 repetisse,
485 2520 648 2560 parum.
707 2521 894 2561 pugnas,
919 2521 972 2548 ne
997 2506 1163 2555 reddar,
1188 2506 1370 2548 Achille.
1530 2522 1571 2551 25

194 2562 208 2603 i
232 2577 345 2604 nunc
371 2570 412 2604 et
437 2562 579 2617 cupidi
603 2577 757 2604 nomen
782 2563 960 2604 amantis
984 2562 1113 2604 habe!

139 2627 342 2661 venerunt
368 2619 422 2660 ad
446 2627 486 2660 te
511 2619 743 2661 Telamone
769 2627 811 2661 et
834 2620 1071 2674 Amyntore
1095 2621 1196 2671 nati,

195 2676 264 2718 ille
289 2676 425 2732 gradu
449 2676 620 2731 propior
644 2677 882 2732 sanguinis,
907 2677 977 2719 ille
1003 2691 1156 2727 comes,

138 2710 381 2788 Laertaque
406 2741 538 2784 satus,
563 2748 639 2789 per
663 2748 768 2788 quos
794 2734 990 2776 comitata
1013 2734 1212 2777 redirem:
