1831 3168
409 269 681 306 HEROIDUM
706 270 750 306 V.
780 271 968 306 136—150.
997 271 1060 307 v1.
1087 271 1209 307 1—71.

185 352 324 401 ‘vivit‚
352 351 423 393 an’
451 352 640 393 exclamo
668 356 752 394 ‘me
779 366 946 406 quoque
972 352 1059 394 fata
1085 352 1281 395 vocant?'

127 409 269 451 ‘vivit'
296 410 372 458 ait,
398 408 675 462 timidumque
701 409 801 450 mihi
827 409 964 451 iurare
991 410 1128 464 coegi:

185 467 255 507 vix
280 465 382 506 mihi
409 473 513 507 teste
540 465 618 507 deo
645 466 802 507 credita
828 466 913 507 vita
938 475 1010 508 tua
1036 476 1110 508 est.

127 531 256 577 utque
283 522 446 563 animus
472 522 613 572 rediit,
639 530 712 563 tua
737 522 849 564 facti
874 523 1084 577 requilere
1111 523 1242 579 coepi.

185 588 346 630 narrat,
373 578 596 644 aenipedes
622 579 775 620 Martis
801 594 940 621 arasse
968 580 1109 628 boves,

128 637 319 692 ιῐροιῈο3
346 635 527 677 dentes
517 651 559 676 m
585 635 760 676 humum
786 650 862 690 pio
888 637 1045 678 semine
1071 637 1215 686 iactos,

185 702 225 735 et
250 692 390 733 subito
415 698 535 732 natos
561 706 677 732 arma
703 691 845 733 tulisse
871 692 1002 742 viros3

130 750 358 804 terrigenas
384 747 562 812 populos
588 747 699 790 civili
725 756 857 790 marte
883 756 1121 803 peremptos

185 806 366 861 inplesse
392 803 541 846 aetatis
568 803 656 845 fata
681 803 831 845 diurna
856 819 969 846 suae.

128 862 318 904 devictus
346 875 529 916 serpens.
590 861 762 909 iterum,
788 861 822 901 si
849 861 916 902 viv
921 868 962 902 at
988 861 1128 911 Iason,

184 918 437 973 quaerimus.
499 917 706 959 alternant
731 931 911 972 spesque
937 917 1144 972 timorque
1169 918 1309 960 fldem.

126 976 294 1030 singula
319 975 421 1016 dum
445 981 606 1024 narrat,
633 974 771 1015 studio
798 988 1007 1029 cursuque
1032 975 1232 1029 loquendi

184 1032 376 1088 detegit
366 1032 535 1087 ingenio
562 1031 736 1073 vulnera
760 1039 902 1072 nostra
927 1046 1016 1073 suo.

127 1090 250 1139 heus,
275 1070 349 1130 ubi
374 1096 498 1144 pacta
523 1088 652 1130 fides?
677 1088 750 1129 ubi
775 1088 1048 1130 conubialia
1037 1104 1130 1130 1ura

184 1147 341 1200 faxque
368 1145 446 1187 sub
472 1159 639 1186 arsuros
665 1145 863 1200 dignior
853 1160 912 1187 ire
937 1145 1090 1201 logos?

126 1217 211 1245 non
237 1217 316 1258 ego
342 1217 435 1244 sum
461 1201 574 1243 furto
600 1201 676 1243 tibi
701 1202 881 1257 cognita.
941 1202 1135 1257 pronuba
1159 1201 1267 1243 Iuno

184 1259 306 1301 affuit
331 1267 372 1302 et
396 1258 515 1300 sertis
542 1266 730 1314 tempora
755 1259 920 1301 vinctus
946 1260 1132 1314 Hymen.

126 1325 168 1364 at
192 1315 295 1358 mihi
319 1331 397 1358 nec
421 1316 529 1357 Iuno
554 1330 632 1357 nec
657 1316 844 1371 Hymen,
871 1315 945 1357 sed
970 1315 1097 1357 tristis
1123 1315 1278 1372 Erinys

187 1373 385 1429 praetulit
409 1372 615 1414 infaustas
642 1373 965 1428 sanguinolenta
989 1373 1118 1415 faces.

126 1430 229 1485 quid
253 1430 356 1471 mihi
381 1444 477 1471 cum
501 1429 682 1484 Minyis,
709 1429 811 1484 quid
837 1444 932 1471 cum
957 1429 1177 1472 Tritonide
1202 1430 1329 1486 pinu?

183 1487 285 1542 quid
309 1487 385 1528 tibi
411 1502 507 1528 cum
532 1486 687 1542 patria,
713 1487 856 1528 navita
880 1487 1036 1542 Tiphy,
1061 1487 1182 1529 mea?

126 1558 211 1585 non
236 1552 324 1585 erat
348 1544 416 1585 hic
442 1543 548 1585 aries
575 1543 673 1584 villo
700 1544 940 1598 spectabilis
967 1558 1109 1593 aureo,

183 1615 260 1643 nec
285 1600 396 1642 senis
424 1600 583 1642 Aeetae
608 1600 726 1654 regia
751 1600 937 1642 Lemnos
964 1607 1064 1642 erat.

127 1665 241 1699 certa
265 1657 328 1698 fui
352 1656 488 1713 primo
512 1680 568 1685 —
593 1657 667 1698 sed
692 1671 758 1698 me
783 1657 895 1697 mala
919 1656 1008 1698 fata
1032 1656 1255 1698 trahebant
1280 1681 1335 1687 —

183 1713 348 1768 hospita
372 1713 555 1755 feminea
578 1713 733 1768 pellere
759 1721 896 1754 castra
919 1728 1060 1754 manu.

126 1770 468 1824 Lemniadesque
494 1770 625 1818 viros,
651 1769 829 1811 nimium
853 1784 1042 1823 quoque,
1068 1770 1236 1812 vincere
1262 1778 1429 1812 norunt.

181 1827 313 1868 milite
339 1834 425 1868 tam
450 1826 549 1867 forti
574 1826 661 1867 vita
686 1826 843 1868 tuenda
868 1826 967 1867 fuit!

124 1883 229 1926 urbe
253 1883 391 1925 virum
416 1883 502 1924 vidi
527 1890 721 1937 tectoque
747 1882 972 1937 animoque
996 1883 1150 1938 recepi.

181 1940 250 1982 hic
274 1940 351 1982 tibi
376 1939 525 1994 bisque
551 1947 688 1981 aestas
715 1940 861 1994 bisque
887 1940 1071 1982 cucurrit
1096 1940 1273 1995 hiemps.

123 1997 247 2039 tertia
272 1997 420 2039 messis
446 2004 555 2046 erat,
582 2011 680 2039 cum
705 2004 751 2038 tu
777 1997 877 2039 dare
903 1997 997 2039 vela
1022 2006 1193 2039 coactus

180 2054 363 2109 implesti
387 2053 570 2095 lacrimis
595 2053 695 2095 talia
719 2054 849 2095 verba
873 2054 956 2095 tuis

123 2110 378 2159 ‘abstrahor‚
405 2110 659 2166 Hypsipyle.
709 2111 782 2153 sed
808 2111 907 2153 dent
932 2111 1058 2153 modo
1083 2110 1171 2153 fata
1195 2125 1408 2154 recursus:

182 2168 244 2209 vir
269 2176 366 2209 tuus
391 2167 488 2209 hinc
512 2167 638 2216 abeo,
664 2167 728 2209 vir
751 2167 827 2209 tibi
852 2183 1018 2223 semper
1043 2183 1126 2210 ero.

122 2224 239 2278 quod
263 2232 404 2266 tamen
430 2239 452 2265 e
477 2224 598 2266 nobis
623 2224 802 2279 gravida
827 2225 1021 2266 celatur
1010 2241 1054 2266 m
1079 2225 1188 2274 alvo,

181 2281 314 2331 vivat,
340 2288 382 2324 et
407 2280 596 2323 eiusdem
622 2281 751 2323 simus
777 2289 955 2335 uterque
979 2282 1159 2337 parens?

124 2336 341 2380 hactenus.
401 2345 443 2380 et
466 2337 685 2379 lacrimis
675 2354 717 2379 1n
742 2338 849 2379 falsa
874 2338 1122 2380 cadentibus
1149 2353 1222 2380 ora

182 2402 321 2437 cetera
345 2400 385 2435 te
410 2394 583 2436 memini
607 2409 691 2436 non
716 2395 902 2449 potuisse
928 2395 1056 2448 loqui.

123 2450 297 2492 ultimus
323 2466 345 2492 e
371 2449 491 2492 sociis
518 2465 680 2492 sacram
706 2451 950 2493 conscendis
976 2451 1020 2492 in
1045 2451 1185 2506 Argo:

181 2507 252 2548 illa
277 2507 409 2556 volat,
434 2514 585 2548 ventus
612 2521 798 2548 concava
822 2508 917 2548 vela
941 2515 1066 2549 tenet.

123 2564 292 2606 caerula
316 2563 542 2618 propulsae
568 2563 816 2605 subducitur
840 2564 955 2605 unda
981 2564 1167 2607 carinae:

181 2628 292 2662 terra
316 2619 411 2667 tibi,
436 2620 557 2661 nobis
584 2620 843 2675 aspiciuntur
868 2635 1015 2674 aquae.

122 2676 167 2718 in
191 2677 299 2718 latus
325 2691 448 2718 omne
474 2685 621 2732 patens
647 2677 772 2719 turris
798 2677 1081 2733 circumspicit
1105 2678 1261 2720 undas:

181 2732 263 2775 huc
288 2733 412 2783 feror,
439 2741 480 2775 et
503 2733 684 2775 lacrimis
711 2748 841 2788 osque
867 2734 1067 2788 sinusque
1092 2735 1276 2777 madent.

123 2803 199 2845 per
222 2790 416 2833 lacrimas
442 2798 604 2846 specto,
631 2790 894 2846 cupidaeque
919 2791 1106 2834 faventia
1131 2794 1261 2835 menti

1219 2859 1263 2893 20

1444 263 1496 305 19

1522 1045 1564 1074 40

1521 1330 1563 1359 45

1521 1613 1561 1643 50

1520 1897 1560 1926 55

1520 2180 1561 2210 60

1518 2466 1559 2496 65

1526 2753 1567 2782 TO
