1831 3168
409 213 630 249 AMORUM
656 213 751 248 LIB.
780 214 807 247 1.
834 213 902 257 XI,
928 211 1102 256 ’ἵ-ΧΙΙΙ,
1129 212 1184 246 32.

115 294 178 336 his
203 308 283 349 ego
310 294 497 334 commisi
524 303 685 336 nostros
712 295 882 335 insanus
909 308 1071 335 amores

171 350 396 404 molliaque
423 351 474 391 ad
502 351 713 392 dominam
741 351 869 392 verba
895 350 1052 392 icrcndz
1044 366 1067 390 ι
1092 349 1215 391 dedi?

114 407 253 462 aptius
279 407 357 448 hac
383 408 549 462 capiant
576 408 815 449 vadimonia
840 408 1010 461 ‹rarrula
1036 421 1169 455 cerae,

170 478 275 516 quas
302 464 451 517 aliquis
478 464 582 504 duro
608 465 798 519 co‹›·nitor
823 479 893 505 oie
919 464 1044 518 leg=.1t

113 519 220 561 inter
245 520 534 574 ephemcridas
561 521 708 562 melius
735 521 983 573 tabulasque
1009 520 1206 568 iacerent,

171 577 213 616 in
239 577 391 630 quibus
418 577 662 631 absumptas
689 578 802 618 fleret
830 592 880 617 av
885 592 980 616 arus
1007 591 1120 640 opes·

112 647 215 687 crgo
241 648 320 687 ego
348 648 421 673 vos
448 634 572 674 rebus
599 634 786 687 duplices
813 648 887 696 pio
914 633 1080 673 nomine
1107 631 1230 673 sensi.

172 690 347 743 auspicii
374 705 572 730 numerus
598 703 680 729 non
708 698 796 729 crat
822 689 910 742 ipse
938 689 1048 728 boni.

113 745 216 798 quid
243 761 386 800 precer
411 746 561 793 iratus,
587 745 666 785 nisi
693 760 766 785 vos
793 744 953 785 cariosa
979 753 1172 785 senectus

170 802 308 855 rodat,
335 813 373 843 et
399 802 600 842 inmundo
627 816 722 842 ccra
747 801 799 841 sit
825 800 920 841 alba
946 800 1046 841 situ!

704 902 837 943 XIII.

113 971 204 1012 Iam
231 985 356 1026 super
382 985 466 1012 oce
460 986 586 1011 mum
612 971 725 1012 venit
751 986 775 1011 ιι
801 970 962 1012 senioie
988 969 1152 1019 marito,

169 1028 278 1068 flava
303 1028 501 1082 pruinoso
528 1042 637 1081 quae
663 1027 775 1068 xehit
801 1042 879 1068 axe
905 1027 1029 1068 diem.

111 1088 216 1138 ‘quo
242 1099 407 1139 pr·ope1‹
398 1100 461 1132 as,
487 1085 682 1125 Aurora?
719 1083 861 1125 mane!
899 1084 957 1124 sie
982 1081 1227 1124 Memnonis
1254 1082 1416 1125 umbris

169 1156 310 1182 annua
335 1115 527 1182 sollemni
552 1141 679 1182 caede
704 1148 894 1195 parentet
921 1140 1022 1181 avis.

112 1212 225 1239 nunc
250 1198 366 1238 iuvat
390 1198 433 1238 in
459 1198 612 1239 teneris
639 1197 832 1240 dominae
858 1197 1037 1238 iacuisse
1062 1195 1247 1237 lacertis:

170 1255 204 1295 si
230 1254 418 1308 quando,
443 1254 564 1295 lateri
588 1269 700 1295 nunc
726 1254 832 1296 bene
857 1254 999 1295 iuncta
1022 1267 1117 1294 meo
1144 1262 1218 1294 est.

111 1325 224 1352 nunc
250 1310 376 1352 etiam
402 1311 538 1352 somni
562 1311 760 1376 pingues,
787 1319 828 1353 et
852 1310 1031 1365 frigidus
1058 1313 1141 1358 aer,

158 1376 209 1409 et
233 1367 440 1421 liquidum
466 1368 582 1409 tenui
606 1376 777 1423 gutture
804 1376 945 1409 cantat
970 1367 1071 1408 avis.

112 1438 195 1478 quo
221 1439 441 1479 properas,
467 1425 633 1480 ingrata
658 1425 777 1474 viris,
803 1425 969 1479 ingrata
993 1423 1168 1478 puellis?

169 1481 334 1522 roscida
358 1496 572 1536 purpurea
598 1482 811 1537 supprime
836 1483 926 1522 lora
951 1479 1098 1521 manu!

112 1538 248 1592 prima
273 1537 442 1579 bidente
468 1539 585 1579 xides
612 1546 805 1579 oneratos
831 1553 932 1579 alva
957 1538 1154 1584 colentes,

171 1594 305 1649 prima
330 1609 455 1635 vocas
480 1595 622 1636 tardos
649 1595 762 1636 sub
752 1610 852 1649 luga
878 1594 1017 1649 panda
1042 1593 1184 1634 boves.

112 1660 158 1691 tu
183 1666 335 1706 pueros
361 1666 508 1692 somno
533 1651 705 1692 fraudas
732 1652 945 1705 tradisque
972 1649 1197 1704 magistris,

170 1718 217 1748 ut
242 1708 420 1749 subeant
446 1717 614 1750 tenerae
641 1708 817 1750 verbera
842 1723 968 1749 saeva
992 1721 1155 1747 manus.

113 1773 209 1805 ante
236 1772 330 1805 tuos
357 1775 471 1805 ortus
498 1765 646 1806 melius
673 1780 748 1805 sua
774 1765 911 1805 sidera
937 1772 1074 1805 servat

170 1821 312 1862 navita
336 1835 414 1862 nec
440 1822 578 1862 media
602 1822 766 1862 nescius
794 1830 904 1862 errat
929 1835 1051 1873 aqua.

113 1886 154 1919 te
181 1878 313 1932 surgit
339 1878 532 1931 quamvis
556 1878 691 1919 lassus
718 1878 909 1919 veniente
935 1877 1083 1925 viator,

170 1945 209 1975 et
236 1935 354 1975 miles
381 1950 526 1976 saevas
553 1945 668 1989 aptat
694 1935 748 1975 ad
773 1950 889 1975 arma
913 1949 1075 1974 manus.

113 2000 238 2044 atque
265 1991 411 2032 eadem
438 2006 595 2046 sponsu
621 1991 782 2032 vinctos
809 2001 905 2032 ante
931 1990 1035 2031 atria
1059 1989 1204 2040 mittis,

171 2047 294 2088 unius
320 2055 364 2088 ut
390 2048 509 2088 verbi
533 2048 711 2102 grandia
736 2048 890 2089 damna
915 2047 1064 2089 ferant.

113 2119 190 2145 nec
215 2112 259 2144 tu
287 2105 477 2145 consulto
502 2119 580 2146 nec
605 2112 650 2146 tu
675 2105 859 2146 iucunda
884 2104 1057 2145 diserto:

172 2161 335 2215 cogitur
361 2161 414 2201 ad
437 2161 532 2202 lites
558 2177 729 2216 surgere
755 2170 932 2215 uterque
956 2175 1102 2201 novas.

115 2227 180 2265 tu,
207 2232 302 2257 cum
327 2216 499 2259 feminei
523 2218 685 2272 possint
710 2233 874 2260 cessare
899 2217 1078 2266 labores,

174 2273 382 2314 lanificam
407 2289 580 2315 revocas
606 2275 658 2315 ad
685 2290 761 2315 sua
786 2289 918 2329 pensa
942 2288 1128 2314 manum.

64 2358 67 2359 ν
114 2329 257 2370 onmia
281 2338 533 2384 perpeterer.
595 2330 669 2372 sed
694 2345 864 2385 surgere
891 2345 1013 2371 mane
1038 2329 1216 2384 puellas,

172 2386 284 2439 quis,
310 2386 389 2426 nisi
415 2386 483 2427 cui
507 2400 591 2427 non
617 2394 680 2428 est
704 2387 790 2428 ulla
814 2387 972 2441 puella,
997 2386 1131 2427 ferat?

114 2442 260 2497 optavi
284 2442 494 2495 quotiens,
519 2458 572 2484 ne
597 2457 682 2484 nox
707 2443 781 2484 tibi
807 2443 954 2484 cedere
981 2443 1118 2492 ιεΙΙθῒ,

174 2514 227 2540 ne
251 2499 449 2554 fugerent
473 2499 610 2541 vultus
636 2499 773 2541 sidera
796 2509 911 2540 mota
935 2499 1048 2540 tuos!

115 2556 261 2610 optavi
286 2555 501 2608 quotiens,
529 2563 602 2597 aut
626 2565 776 2597 ventus
801 2556 1013 2611 frangeret
1040 2571 1176 2604 axem,

177 2620 250 2652 aut
274 2611 442 2653 caderet
466 2613 600 2667 spissa
624 2613 736 2654 nube
761 2620 946 2654 retentus
971 2612 1123 2667 equus!

118 2668 280 2717 invida,
305 2682 389 2722 quo
416 2670 640 2723 properas?
676 2669 788 2724 quod
814 2678 902 2710 erat
927 2669 1003 2710 tibi
1028 2669 1137 2711 filius
1164 2677 1267 2719 ater,

177 2725 354 2767 materni
378 2725 513 2767 fuerat
538 2726 718 2782 pectoris
743 2726 812 2768 ille
838 2726 964 2768 color.

1430 200 1488 244 95

1510 532 1552 563 25

1512 813 1555 843 30

1514 1494 1554 1523 10

1512 1777 1554 1807 15

1515 2342 1556 2373 25

1513 2626 1557 2658 30
