1831 3168
307 258 394 301 224
559 265 763 302 POETAE
789 264 1028 301 OVIDIANI
1053 263 1202 301 NUCIS
1229 265 1420 300 152—182.

367 350 509 391 haeret
535 357 576 390 et
601 355 647 389 ut
673 355 797 403 capta
822 346 956 388 vietor
979 347 1022 388 in
1048 361 1143 388 alce
1170 356 1322 388 manet.

310 415 475 448 caetera
500 419 626 460 saepe
652 412 791 445 tamen
817 412 990 459 potuere
1017 403 1201 444 admissa
1225 403 1389 458 negari:

365 478 467 504 num
492 462 649 503 crimen
674 476 761 502 nux
787 470 849 502 est
874 460 1050 501 insiti-tta
1075 459 1226 501 suum?

221 534 283 563 155
309 529 452 560 nostra
477 526 593 559 notat
618 518 737 559 fusco
764 517 952 572 digitos
943 517 1094 558 lniuria
1119 531 1234 565 suco,

367 575 520 617 cortice
546 582 766 629 tangentes
793 574 1002 616 inficiente
1028 588 1190 614 manus.

308 632 376 674 ille
403 632 517 674 color
541 646 660 673 meus
687 639 767 679 est3
794 630 864 671 illo
891 630 1101 672 maculata
1127 630 1264 671 colore

366 704 449 730 non
474 688 715 744 profectura
740 688 888 729 dextra
914 688 980 728 lav
972 696 1078 728 atur
1103 701 1226 741 aqua.

310 746 353 787 0.
380 760 478 801 ego,
505 760 602 786 cum
627 745 779 799 longae
806 753 1009 786 venerunt
1035 744 1174 785 taedia
1199 742 1324 791 vitae,

221 816 285 846 160
367 781 509 858 optavi
535 801 727 856 quotiens
753 801 869 842 arida
894 801 1006 842 facta
1030 800 1153 842 mori!

309 859 451 915 optavi
476 859 668 913 quotiens
694 866 765 899 aut
791 872 916 899 caeco
942 857 1107 899 turbine
1133 857 1252 905 verti,

368 924 442 958 aut
465 915 610 970 rapido
637 915 752 956 missi
777 914 1001 955 fulminis
990 929 1088 969 lgne
1115 914 1219 969 peti.

312 983 439 1027 atque
463 972 554 1014 utin
559 988 626 1013 am
651 972 814 1013 subitae
841 980 1035 1026 raperent
1060 986 1154 1012 mea
1178 985 1305 1026 poma
1330 971 1552 1026 procellae,

370 1030 436 1071 vel
462 1043 627 1084 possem
653 1028 815 1069 fruetus
842 1038 1037 1070 excutere
1063 1028 1155 1083 ipsa
1180 1027 1315 1069 meos!

221 1100 283 1130 105
311 1087 388 1135 sie,
414 1085 487 1127 ubi
512 1086 699 1127 detracta
724 1093 785 1127 est
811 1101 836 1126 a
861 1094 901 1126 te
927 1085 1002 1126 tibi
1028 1099 1156 1126 eausa
1181 1084 1339 1139 pericli,

366 1142 480 1197 quod
506 1151 715 1197 superest,
742 1150 900 1190 tutum,
926 1141 1105 1183 Pontice
1131 1151 1280 1189 castor,
1306 1140 1449 1182 habes.

310 1200 411 1254 quid
436 1198 538 1240 mihi
563 1208 663 1240 tunc
689 1198 815 1239 animi
842 1207 922 1247 est,
948 1213 1043 1239 cum
1070 1198 1197 1239 sumit
1222 1198 1305 1239 tela
1329 1198 1478 1246 viator,

367 1264 493 1310 atque
519 1256 650 1297 oeulis
675 1255 826 1311 plagae
853 1254 1033 1296 destinat
1058 1263 1154 1296 ante
1179 1255 1344 1296 locum?

309 1327 388 1355 nec
412 1313 544 1354 vitare
569 1312 665 1353 licet
689 1321 802 1353 moto
827 1311 918 1353 fera
942 1312 1117 1352 vulnera
1142 1321 1304 1360 trunco,

221 1383 285 1413 170
366 1384 492 1424 quem
518 1368 597 1410 sub
623 1368 750 1409 humo
775 1368 895 1409 radix
920 1367 1141 1421 vinclaque
1166 1368 1286 1408 firma
1310 1374 1468 1409 tenent.

311 1440 486 1481 corpora
509 1425 760 1480 praebemus
785 1425 939 1480 plagis:
967 1432 1011 1465 ut
1037 1439 1162 1479 saepe
1188 1424 1364 1479 sagittis,

367 1497 464 1524 eum
489 1482 670 1537 populus
695 1482 880 1523 manicas
907 1481 1150 1535 deposuisse
1176 1489 1308 1522 vetat:

309 1546 410 1581 utve
434 1553 607 1594 gravem
633 1538 794 1593 patiens
818 1538 892 1579 ubi
916 1537 1004 1578 tolli
1030 1551 1160 1579 vacca
1184 1537 1365 1578 securim

368 1574 461 1637 auto
464 1595 613 1650 stringi
638 1594 828 1637 cultros
817 1610 860 1635 1n
886 1609 962 1635 sua
987 1594 1094 1635 colla
1119 1593 1244 1635 videt.

222 1666 284 1696 115
311 1667 436 1708 saepe
461 1667 576 1694 meas
602 1658 727 1693 vento
751 1651 922 1693 frondes
950 1651 1171 1692 tremuisse
1196 1650 1392 1706 putastis:

368 1709 443 1751 sed
467 1716 603 1751 metus
627 1709 671 1750 in
695 1708 817 1749 nobis
842 1722 971 1750 causa
994 1707 1186 1749 tremoris
1212 1716 1312 1749 erat.

311 1766 346 1807 si
370 1765 504 1808 merui
528 1765 758 1819 videorque
783 1779 957 1807 nocens.
984 1765 1172 1819 inponite
1198 1764 1394 1806 flammae

367 1830 595 1876 nostraque
620 1822 796 1864 fumosis
821 1822 928 1863 urite
953 1821 1144 1862 membra
1168 1820 1286 1862 focis.

313 1880 347 1920 si
371 1879 504 1920 merui
530 1879 757 1932 videorque
781 1893 957 1920 nocens:
984 1878 1163 1919 excidite
1189 1878 1313 1926 ferro,

223 1949 288 1980 180
369 1944 409 1977 et
433 1935 557 1977 liceat
581 1935 727 1976 mortis
753 1935 936 1977 dedecus
961 1949 1053 1975 esse
1079 1934 1221 1975 semel.

313 1992 347 2033 si
371 2006 449 2033 nec
474 2006 548 2032 cur
572 2006 683 2039 urar,
708 2005 786 2032 nec
811 2005 885 2031 eur
911 1990 1093 2038 excidar‚
1120 1989 1302 2031 habetis:

367 2047 540 2103 parcite.
601 2047 659 2088 sic
685 2055 881 2102 coeptum
906 2046 1129 2101 perficiatis
1154 2046 1245 2087 iter.
