1831 3168
376 271 598 309 AMORUM
623 272 718 307 ΜΒ.
746 272 794 306 11.
821 271 906 316 v11,
934 271 1090 315 15-1x,
1115 271 1172 307 42.
1376 260 1458 304 107

732 399 816 441 1X.

92 468 133 511 O
159 483 390 523 numquam
417 483 492 524 pro
519 483 585 510 me
611 468 710 509 satis
736 468 951 522 indignate
979 465 1168 522 Cupido,

148 540 172 567 o
198 527 240 567 in
267 526 391 567 corde
417 540 510 567 meo
537 525 744 566 desidiose
771 540 887 579 puer,

91 582 193 637 quid
216 597 304 632 me,
330 582 402 636 qui
429 583 546 624 miles
571 596 802 636 numquam
829 590 902 622 tua
928 581 1049 636 signa
1073 580 1236 634 reliqui,

148 639 298 689 laedis,
325 648 364 681 et
390 639 432 680 in
458 639 604 680 eastris
630 639 826 679 vulneror
850 639 940 693 ipse
967 638 1096 678 ineis?

91 710 166 738 eur
191 704 263 737 tua
287 696 360 737 fax
384 696 485 743 urit,
512 696 601 751 figit
627 703 724 736 tuus
750 709 871 735 arcus
898 694 1079 735 amicos?
1487 707 1508 735 ῡ

149 752 284 808 gloria
308 761 547 808 pugnantes
575 753 740 794 vincere
765 751 899 792 maior
924 759 1024 792 erat.

91 809 212 864 quid,
238 824 322 850 non
347 809 630 858 Haemonius,
657 823 781 862 quem
808 807 980 862 cuspide
1005 806 1202 861 perculit,
1229 805 1351 847 heros

149 866 391 907 confossum
418 866 581 907 medica
605 865 826 920 postmodo
852 864 956 904 iuvit
982 863 1086 918 ope?

90 930 266 965 venator
291 923 480 976 sequitur
504 923 730 977 fugientia,
757 929 880 977 capta
905 920 1116 973 relinquit,

149 994 314 1035 semper
338 988 378 1020 et
402 979 582 1020 inventis
608 979 807 1020 ulteriora
831 978 953 1033 petit:
1490 988 1534 1018 lo

89 1051 166 1078 nos
191 1044 264 1077 tua
290 1036 513 1085 sentimus,
540 1037 721 1092 populus
747 1035 822 1076 tibi
848 1034 1036 1083 deditus,
1064 1048 1200 1074 arma:

147 1093 269 1148 pigra
294 1093 515 1135 reluctanti
541 1101 676 1135 cessat
700 1093 744 1133 in
768 1091 886 1132 hoste
913 1106 1076 1132 manus.

92 1150 195 1205 quid
219 1150 337 1191 iuvat
361 1150 404 1191 in
429 1150 554 1191 nudis
580 1158 719 1191 amata
743 1148 967 1190 retundere
993 1148 1076 1189 tela

149 1207 339 1248 ossibus?
375 1221 471 1248 ossa
496 1206 597 1247 mihi
621 1206 735 1248 nuda
759 1205 954 1259 relinquit
981 1218 1110 1245 amor.

91 1271 153 1306 tot
177 1264 265 1306 sine
292 1278 433 1305 amore
457 1263 554 1312 viri,
580 1270 641 1304 tot
667 1270 762 1304 sunt
788 1263 877 1304 sine
903 1276 1045 1303 amore
1069 1260 1254 1316 puellae:
1490 1271 1534 1301 15

148 1321 246 1362 hinc
271 1320 346 1361 tibi
372 1335 467 1361 cum
494 1335 648 1375 magna
673 1319 798 1361 laude
823 1319 1062 1374 triumphus
1089 1325 1170 1359 eat.

92 1377 250 1426 Roma,
275 1377 356 1418 nisi
382 1377 621 1418 inmensum
646 1377 755 1418 vires
781 1376 981 1418 movisset
1003 1376 1047 1417 in
1073 1374 1232 1423 orbem,

150 1434 384 1476 Stramineis
411 1442 517 1476 esset
543 1448 655 1475 nunc
681 1448 850 1488 quoque
875 1441 987 1474 tecta
1011 1432 1133 1474 casis.

92 1491 229 1533 fessus
253 1491 297 1532 in
323 1498 516 1546 acceptos
541 1491 661 1532 miles
688 1491 911 1532 deducitur
935 1504 1074 1545 agros),

150 1547 329 1589 mittitur
353 1548 395 1588 in
421 1548 551 1589 saltus
577 1562 743 1589 earcere
768 1547 874 1589 liber
898 1561 1047 1601 eunS,
1486 1557 1532 1588 20

92 1605 304 1660 longaque
331 1605 582 1646 subductam
608 1605 744 1646 celant
768 1604 936 1645 navalia
959 1603 1106 1658 pinum

151 1670 324 1715 tutaque
351 1661 540 1715 deposito
566 1661 754 1715 poscitur
778 1676 876 1702 ense
902 1660 1029 1700 rudis.

92 1733 160 1760 me
186 1732 373 1772 quoque,
400 1717 472 1771 qui
497 1718 648 1759 totiens
673 1717 807 1759 merui
833 1717 912 1758 sub
938 1730 1080 1757 amore
1104 1714 1285 1770 puellae,

152 1775 397 1817 defunctum
424 1775 588 1829 placide
613 1774 755 1816 vivere
781 1782 947 1829 tempus
974 1780 1075 1814 erat.
1103 1803 1112 1813 .
1140 1803 1150 1813 .
1178 1804 1187 1813 .

94 1832 227 1873 ‘vive’
256 1831 360 1873 deus
387 1831 559 1886 ‘posito’
586 1831 716 1885 siquis
741 1831 843 1871 mihi
869 1831 981 1872 dicat
1006 1829 1200 1870 ‘amore’:
1491 1841 1537 1871 25

152 1889 363 1943 deprecer.
425 1902 558 1941 usque
585 1889 689 1929 adeo
716 1888 837 1929 dulce
863 1887 1004 1942 puella
1028 1886 1188 1927 malum
1215 1891 1290 1927 est.

95 1961 190 1988 cum
218 1946 323 1986 bene
349 1953 588 2000 pertaesum
615 1954 696 1993 est,
723 1944 948 1998 animoque
972 1943 1182 1998 relanguit
1207 1942 1344 1991 ardor,

150 2002 292 2044 nescio
318 2015 401 2056 quo
426 2001 603 2043 miserae
629 2001 796 2042 turbine
822 2001 973 2042 mentis
999 2014 1116 2055 agor.

94 2068 140 2101 ut
165 2059 273 2114 rapit
299 2058 342 2099 in
367 2073 568 2114 praeceps
595 2059 812 2100 dominum
840 2057 1079 2114 spumantia
1104 2056 1260 2097 frustra

151 2117 270 2157 frena
295 2123 573 2157 retentantem
599 2116 741 2156 durior
766 2115 847 2157 oris
873 2129 1025 2169 equus:
1492 2125 1538 2155 30

94 2180 141 2214 ut
166 2173 350 2222 subitus,
376 2187 508 2227 prope
533 2173 616 2213 iam
644 2188 796 2227 prensa
821 2172 983 2220 tellure,
1011 2171 1197 2212 carinam

151 2237 395 2284 tangentem
421 2237 566 2284 portus
591 2238 741 2271 ventus
767 2230 811 2270 in
837 2229 920 2269 alta
944 2229 1072 2283 rapit:

96 2287 155 2328 sic
181 2301 246 2327 me
272 2298 398 2340 saepe
423 2286 551 2327 refert
575 2285 733 2327 ineerta
758 2285 966 2340 cupidinis
993 2300 1109 2334 aura,

152 2351 336 2396 notaque
361 2356 598 2397 purpureus
624 2343 708 2383 tela
731 2342 906 2383 resumit
930 2342 1078 2381 Amor.

95 2400 198 2455 fige,
223 2413 341 2454 puer.
402 2399 548 2454 positis
574 2399 713 2440 nudus
740 2398 815 2439 tibi
840 2398 1044 2453 praebeor
1069 2396 1213 2438 armis:
1493 2408 1536 2438 35

152 2457 221 2498 hic
246 2454 321 2497 tibi
347 2463 445 2497 sunt
469 2455 598 2504 vires,
623 2455 690 2496 hic
715 2463 788 2496 tua
813 2455 961 2496 dextra
985 2453 1104 2495 facit!

96 2513 198 2561 hue,
225 2521 442 2566 tamquam
466 2512 625 2560 iussae,
651 2512 827 2553 veniunt
850 2511 934 2552 iam
959 2518 1108 2566 sponte
1135 2509 1332 2565 sagittae:

154 2570 225 2610 vix
249 2569 330 2610 illis
356 2584 456 2624 prae
482 2584 548 2610 me
574 2576 674 2610 nota
697 2568 894 2623 pharetra
920 2583 996 2609 sua
1021 2575 1096 2609 est.

97 2626 263 2674 infelix,
290 2634 378 2667 tota
403 2626 659 2680 quicumque
685 2625 902 2679 quiescere
926 2632 1050 2666 nocte

154 2683 331 2725 sustinet
358 2690 398 2724 et
423 2697 591 2724 somnos
617 2683 804 2738 praemia
828 2697 983 2737 magna
1007 2688 1143 2723 vocat.
1491 2693 1540 2724 40

98 2740 239 2788 stulte,
267 2739 369 2794 quid
394 2747 456 2781 est
482 2753 672 2789 somnus,
697 2739 862 2794 gelidae
887 2739 966 2780 nisi
991 2738 1136 2780 mortis
1161 2737 1330 2793 imago?

153 2796 280 2852 longa
304 2796 547 2851 quiescendi
572 2804 762 2852 tempora
787 2795 875 2837 :fata
900 2796 1073 2838 dabunt.
