<?xml version="1.0" encoding="UTF-8"?>
<!DOCTYPE html PUBLIC "-//W3C//DTD XHTML 1.0 Transitional//EN"
    "http://www.w3.org/TR/xhtml1/DTD/xhtml1-transitional.dtd">
<html xmlns="http://www.w3.org/1999/xhtml" xml:lang="en" lang="en">
 <head>
  <title>
</title>
<meta http-equiv="Content-Type" content="text/html;charset=utf-8" />
  <meta name='ocr-system' content='tesseract 3.04.00' />
  <meta name='ocr-capabilities' content='ocr_page ocr_carea ocr_par ocr_line ocrx_word'/>
</head>
<body>
  <div class='ocr_page' id='page_1' title='image "./carminao01oviduoft_0066.png"; bbox 0 0 1831 3168; ppageno 0'>
   <div class='ocr_carea' id='block_1_1' title="bbox 348 222 1255 265">
    <p class='ocr_par' dir='ltr' id='par_1_1' title="bbox 348 222 1255 265">
     <span class='ocr_line' id='line_1_1' title="bbox 348 222 1255 265; baseline 0 -1"><span class='ocrx_word' id='word_1_1' title='bbox 348 222 405 265; x_wconf 88' lang='grc'>46</span> <span class='ocrx_word' id='word_1_2' title='bbox 803 229 844 263; x_wconf 93' lang='lat' dir='ltr'>P.</span> <span class='ocrx_word' id='word_1_3' title='bbox 873 228 1016 264; x_wconf 80' lang='lat' dir='ltr'>OVIDI</span> <span class='ocrx_word' id='word_1_4' title='bbox 1042 227 1255 264; x_wconf 79' lang='lat' dir='ltr'>NASONIS</span> 
     </span>
    </p>
   </div>
   <div class='ocr_carea' id='block_1_2' title="bbox 264 311 1588 2799">
    <p class='ocr_par' dir='ltr' id='par_1_2' title="bbox 264 311 1588 2799">
     <span class='ocr_line' id='line_1_2' title="bbox 407 311 1231 364; baseline -0.007 -8"><span class='ocrx_word' id='word_1_5' title='bbox 407 322 449 356; x_wconf 93' lang='lat' dir='ltr'>et</span> <span class='ocrx_word' id='word_1_6' title='bbox 473 313 626 354; x_wconf 89' lang='lat' dir='ltr'>multos</span> <span class='ocrx_word' id='word_1_7' title='bbox 651 311 734 352; x_wconf 90' lang='lat' dir='ltr'>illie</span> <span class='ocrx_word' id='word_1_8' title='bbox 760 311 968 352; x_wconf 80' lang='lat' dir='ltr'>Hectoras</span> <span class='ocrx_word' id='word_1_9' title='bbox 995 324 1085 350; x_wconf 85' lang='lat' dir='ltr'>esse</span> <span class='ocrx_word' id='word_1_10' title='bbox 1111 318 1231 364; x_wconf 87' lang='lat' dir='ltr'>puta:</span> 
     </span>
     <span class='ocr_line' id='line_1_3' title="bbox 351 366 1396 421; baseline -0.004 -8"><span class='ocrx_word' id='word_1_11' title='bbox 351 379 391 414; x_wconf 86' lang='lat' dir='ltr'>et</span> <span class='ocrx_word' id='word_1_12' title='bbox 415 370 542 411; x_wconf 86' lang='lat' dir='ltr'>facito</span> <span class='ocrx_word' id='word_1_13' title='bbox 567 375 612 409; x_wconf 91' lang='lat' dir='ltr'>ut</span> <span class='ocrx_word' id='word_1_14' title='bbox 637 368 771 416; x_wconf 84' lang='lat' dir='ltr'>dicas,</span> <span class='ocrx_word' id='word_1_15' title='bbox 798 367 990 420; x_wconf 83' lang='lat' dir='ltr'>quotiens</span> <span class='ocrx_word' id='word_1_16' title='bbox 1015 381 1205 420; x_wconf 75' lang='lat' dir='ltr'>pugnare</span> <span class='ocrx_word' id='word_1_17' title='bbox 1231 366 1396 421; x_wconf 85' lang='lat' dir='ltr'>parabis</span> 
     </span>
     <span class='ocr_line' id='line_1_4' title="bbox 283 422 1227 481; baseline -0.006 -12"><span class='ocrx_word' id='word_1_18' title='bbox 283 441 324 469; x_wconf 68' lang='grc' dir='ltr'>το</span> <span class='ocrx_word' id='word_1_19' title='bbox 407 432 598 481; x_wconf 85' lang='lat' dir='ltr'>‘parcere</span> <span class='ocrx_word' id='word_1_20' title='bbox 625 439 690 465; x_wconf 91' lang='lat' dir='ltr'>me</span> <span class='ocrx_word' id='word_1_21' title='bbox 716 424 836 464; x_wconf 87' lang='lat' dir='ltr'>iussit</span> <span class='ocrx_word' id='word_1_22' title='bbox 861 422 1097 463; x_wconf 81' lang='lat' dir='ltr'>Laodamia</span> <span class='ocrx_word' id='word_1_23' title='bbox 1122 422 1227 463; x_wconf 61' lang='lat' dir='ltr'>sibi?</span> 
     </span>
     <span class='ocr_line' id='line_1_5' title="bbox 349 479 1432 535; baseline -0.005 -10"><span class='ocrx_word' id='word_1_24' title='bbox 349 484 383 525; x_wconf 87' lang='lat' dir='ltr'>si</span> <span class='ocrx_word' id='word_1_25' title='bbox 409 482 557 524; x_wconf 86' lang='lat' dir='ltr'>cadere</span> <span class='ocrx_word' id='word_1_26' title='bbox 582 480 785 535; x_wconf 79' lang='lat' dir='ltr'>Argolico</span> <span class='ocrx_word' id='word_1_27' title='bbox 811 480 875 520; x_wconf 84' lang='lat' dir='ltr'>fas</span> <span class='ocrx_word' id='word_1_28' title='bbox 900 487 961 520; x_wconf 81' lang='lat' dir='ltr'>est</span> <span class='ocrx_word' id='word_1_29' title='bbox 987 479 1065 519; x_wconf 89' lang='lat' dir='ltr'>sub</span> <span class='ocrx_word' id='word_1_30' title='bbox 1090 479 1220 521; x_wconf 87' lang='lat' dir='ltr'>milite</span> <span class='ocrx_word' id='word_1_31' title='bbox 1245 479 1432 529; x_wconf 84' lang='lat' dir='ltr'>Troiam,</span> 
     </span>
     <span class='ocr_line' id='line_1_6' title="bbox 405 535 1449 592; baseline -0.002 -12"><span class='ocrx_word' id='word_1_32' title='bbox 405 547 446 580; x_wconf 91' lang='lat' dir='ltr'>te</span> <span class='ocrx_word' id='word_1_33' title='bbox 471 551 638 592; x_wconf 88' lang='lat' dir='ltr'>quoque</span> <span class='ocrx_word' id='word_1_34' title='bbox 663 551 746 577; x_wconf 92' lang='lat' dir='ltr'>non</span> <span class='ocrx_word' id='word_1_35' title='bbox 772 537 904 576; x_wconf 87' lang='lat' dir='ltr'>ullum</span> <span class='ocrx_word' id='word_1_36' title='bbox 930 535 1081 576; x_wconf 85' lang='lat' dir='ltr'>vulnus</span> <span class='ocrx_word' id='word_1_37' title='bbox 1107 535 1286 577; x_wconf 85' lang='lat' dir='ltr'>habente</span> <span class='ocrx_word' id='word_1_38' title='bbox 1313 536 1449 578; x_wconf 85' lang='lat' dir='ltr'>eadat.</span> 
     </span>
     <span class='ocr_line' id='line_1_7' title="bbox 349 592 1460 651; baseline -0.003 -14"><span class='ocrx_word' id='word_1_39' title='bbox 349 603 511 651; x_wconf 80' lang='lat' dir='ltr'>pugnet</span> <span class='ocrx_word' id='word_1_40' title='bbox 535 602 575 635; x_wconf 90' lang='lat' dir='ltr'>et</span> <span class='ocrx_word' id='word_1_41' title='bbox 599 593 797 635; x_wconf 79' lang='lat' dir='ltr'>adversos</span> <span class='ocrx_word' id='word_1_42' title='bbox 824 592 968 634; x_wconf 87' lang='lat' dir='ltr'>tendat</span> <span class='ocrx_word' id='word_1_43' title='bbox 993 592 1215 633; x_wconf 84' lang='lat' dir='ltr'>Menelaus</span> <span class='ocrx_word' id='word_1_44' title='bbox 1242 593 1285 633; x_wconf 91' lang='lat' dir='ltr'>in</span> <span class='ocrx_word' id='word_1_45' title='bbox 1309 592 1460 634; x_wconf 82' lang='lat' dir='ltr'>hostis:</span> 
     </span>
     <span class='ocr_line' id='line_1_8' title="bbox 406 649 1392 704; baseline -0.002 -12"><span class='ocrx_word' id='word_1_46' title='bbox 406 651 596 693; x_wconf 85' lang='lat' dir='ltr'>hostibus</span> <span class='ocrx_word' id='word_1_47' title='bbox 622 665 644 692; x_wconf 91' lang='lat' dir='ltr'>e</span> <span class='ocrx_word' id='word_1_48' title='bbox 668 649 817 691; x_wconf 86' lang='lat' dir='ltr'>mediis</span> <span class='ocrx_word' id='word_1_49' title='bbox 842 656 973 704; x_wconf 87' lang='lat' dir='ltr'>nupta</span> <span class='ocrx_word' id='word_1_50' title='bbox 998 649 1179 703; x_wconf 87' lang='lat' dir='ltr'>petenda</span> <span class='ocrx_word' id='word_1_51' title='bbox 1204 650 1292 690; x_wconf 89' lang='lat' dir='ltr'>viro</span> <span class='ocrx_word' id='word_1_52' title='bbox 1318 658 1392 691; x_wconf 86' lang='lat' dir='ltr'>est.</span> 
     </span>
     <span class='ocr_line' id='line_1_9' title="bbox 284 706 1440 762; baseline -0.003 -12"><span class='ocrx_word' id='word_1_53' title='bbox 284 722 323 750; x_wconf 63' lang='grc' dir='ltr'>τὸ</span> <span class='ocrx_word' id='word_1_54' title='bbox 351 724 477 750; x_wconf 89' lang='lat' dir='ltr'>causa</span> <span class='ocrx_word' id='word_1_55' title='bbox 502 716 574 749; x_wconf 87' lang='lat' dir='ltr'>tua</span> <span class='ocrx_word' id='word_1_56' title='bbox 599 714 661 749; x_wconf 88' lang='lat' dir='ltr'>est</span> <span class='ocrx_word' id='word_1_57' title='bbox 686 707 845 762; x_wconf 84' lang='lat' dir='ltr'>dispar:</span> <span class='ocrx_word' id='word_1_58' title='bbox 872 714 916 747; x_wconf 93' lang='lat' dir='ltr'>tu</span> <span class='ocrx_word' id='word_1_59' title='bbox 943 714 1105 746; x_wconf 87' lang='lat' dir='ltr'>tantum</span> <span class='ocrx_word' id='word_1_60' title='bbox 1131 706 1271 748; x_wconf 89' lang='lat' dir='ltr'>vivere</span> <span class='ocrx_word' id='word_1_61' title='bbox 1297 721 1440 761; x_wconf 83' lang='lat' dir='ltr'>pugna</span> 
     </span>
     <span class='ocr_line' id='line_1_10' title="bbox 405 763 1327 818; baseline -0.003 -12"><span class='ocrx_word' id='word_1_62' title='bbox 405 766 531 818; x_wconf 86' lang='lat' dir='ltr'>inque</span> <span class='ocrx_word' id='word_1_63' title='bbox 556 764 648 818; x_wconf 89' lang='lat' dir='ltr'>pios</span> <span class='ocrx_word' id='word_1_64' title='bbox 673 763 866 805; x_wconf 89' lang='lat' dir='ltr'>dominae</span> <span class='ocrx_word' id='word_1_65' title='bbox 891 777 1014 817; x_wconf 88' lang='lat' dir='ltr'>posse</span> <span class='ocrx_word' id='word_1_66' title='bbox 1040 763 1174 804; x_wconf 88' lang='lat' dir='ltr'>redire</span> <span class='ocrx_word' id='word_1_67' title='bbox 1200 763 1327 804; x_wconf 87' lang='lat' dir='ltr'>sinus.</span> 
     </span>
     <span class='ocr_line' id='line_1_11' title="bbox 350 819 1540 877; baseline -0.002 -14"><span class='ocrx_word' id='word_1_68' title='bbox 350 822 528 877; x_wconf 85' lang='lat' dir='ltr'>parcite,</span> <span class='ocrx_word' id='word_1_69' title='bbox 553 820 846 869; x_wconf 84' lang='lat' dir='ltr'>Dardanidae,</span> <span class='ocrx_word' id='word_1_70' title='bbox 873 820 924 861; x_wconf 89' lang='lat' dir='ltr'>de</span> <span class='ocrx_word' id='word_1_71' title='bbox 950 826 1028 869; x_wconf 84' lang='lat' dir='ltr'>tot,</span> <span class='ocrx_word' id='word_1_72' title='bbox 1054 834 1213 874; x_wconf 82' lang='lat' dir='ltr'>precor,</span> <span class='ocrx_word' id='word_1_73' title='bbox 1239 820 1428 861; x_wconf 81' lang='lat' dir='ltr'>hostibus</span> <span class='ocrx_word' id='word_1_74' title='bbox 1455 819 1540 870; x_wconf 87' lang='lat' dir='ltr'>uni,</span> 
     </span>
     <span class='ocr_line' id='line_1_12' title="bbox 410 877 1280 932; baseline -0.003 -13"><span class='ocrx_word' id='word_1_75' title='bbox 410 894 462 920; x_wconf 90' lang='lat' dir='ltr'>ne</span> <span class='ocrx_word' id='word_1_76' title='bbox 487 892 605 919; x_wconf 89' lang='lat' dir='ltr'>meus</span> <span class='ocrx_word' id='word_1_77' title='bbox 631 892 683 918; x_wconf 84' lang='lat' dir='ltr'>ex</span> <span class='ocrx_word' id='word_1_78' title='bbox 708 877 778 917; x_wconf 89' lang='lat' dir='ltr'>illo</span> <span class='ocrx_word' id='word_1_79' title='bbox 804 891 977 932; x_wconf 86' lang='lat' dir='ltr'>corpore</span> <span class='ocrx_word' id='word_1_80' title='bbox 1004 877 1175 930; x_wconf 75' lang='lat' dir='ltr'>sanguis</span> <span class='ocrx_word' id='word_1_81' title='bbox 1201 885 1280 917; x_wconf 86' lang='lat' dir='ltr'>eat.</span> 
     </span>
     <span class='ocr_line' id='line_1_13' title="bbox 350 932 1410 987; baseline -0.003 -11"><span class='ocrx_word' id='word_1_82' title='bbox 350 950 434 976; x_wconf 88' lang='lat' dir='ltr'>non</span> <span class='ocrx_word' id='word_1_83' title='bbox 459 942 540 983; x_wconf 88' lang='lat' dir='ltr'>est,</span> <span class='ocrx_word' id='word_1_84' title='bbox 567 948 692 987; x_wconf 87' lang='lat' dir='ltr'>quem</span> <span class='ocrx_word' id='word_1_85' title='bbox 717 933 863 974; x_wconf 88' lang='lat' dir='ltr'>deceat</span> <span class='ocrx_word' id='word_1_86' title='bbox 887 933 1001 974; x_wconf 89' lang='lat' dir='ltr'>nudo</span> <span class='ocrx_word' id='word_1_87' title='bbox 1027 947 1274 974; x_wconf 83' lang='lat' dir='ltr'>concurrere</span> <span class='ocrx_word' id='word_1_88' title='bbox 1300 932 1410 974; x_wconf 88' lang='lat' dir='ltr'>ferro</span> 
     </span>
     <span class='ocr_line' id='line_1_14' title="bbox 281 989 1398 1044; baseline -0.003 -12"><span class='ocrx_word' id='word_1_89' title='bbox 281 1002 326 1032; x_wconf 78' lang='lat'>80</span> <span class='ocrx_word' id='word_1_90' title='bbox 408 1005 616 1044; x_wconf 86' lang='lat' dir='ltr'>saevaque</span> <span class='ocrx_word' id='word_1_91' title='bbox 641 990 682 1030; x_wconf 91' lang='lat' dir='ltr'>in</span> <span class='ocrx_word' id='word_1_92' title='bbox 708 989 921 1044; x_wconf 88' lang='lat' dir='ltr'>obpositos</span> <span class='ocrx_word' id='word_1_93' title='bbox 946 998 1117 1044; x_wconf 82' lang='lat' dir='ltr'>pectora</span> <span class='ocrx_word' id='word_1_94' title='bbox 1141 989 1249 1030; x_wconf 89' lang='lat' dir='ltr'>ferre</span> <span class='ocrx_word' id='word_1_95' title='bbox 1275 990 1398 1030; x_wconf 86' lang='lat' dir='ltr'>viros.</span> 
     </span>
     <span class='ocr_line' id='line_1_15' title="bbox 350 1046 1472 1102; baseline -0.001 -14"><span class='ocrx_word' id='word_1_96' title='bbox 350 1048 498 1089; x_wconf 84' lang='lat' dir='ltr'>fortius</span> <span class='ocrx_word' id='word_1_97' title='bbox 523 1047 592 1088; x_wconf 92' lang='lat' dir='ltr'>ille</span> <span class='ocrx_word' id='word_1_98' title='bbox 617 1054 755 1102; x_wconf 90' lang='lat' dir='ltr'>potest</span> <span class='ocrx_word' id='word_1_99' title='bbox 780 1046 931 1095; x_wconf 88' lang='lat' dir='ltr'>multo,</span> <span class='ocrx_word' id='word_1_100' title='bbox 958 1060 1084 1099; x_wconf 87' lang='lat' dir='ltr'>quam</span> <span class='ocrx_word' id='word_1_101' title='bbox 1111 1054 1292 1101; x_wconf 83' lang='lat' dir='ltr'>pugnat,</span> <span class='ocrx_word' id='word_1_102' title='bbox 1319 1061 1472 1087; x_wconf 85' lang='lat' dir='ltr'>amare.</span> 
     </span>
     <span class='ocr_line' id='line_1_16' title="bbox 407 1102 1235 1158; baseline -0.004 -13"><span class='ocrx_word' id='word_1_103' title='bbox 407 1105 518 1146; x_wconf 90' lang='lat' dir='ltr'>bella</span> <span class='ocrx_word' id='word_1_104' title='bbox 541 1111 690 1158; x_wconf 82' lang='lat' dir='ltr'>gerant</span> <span class='ocrx_word' id='word_1_105' title='bbox 715 1103 801 1143; x_wconf 86' lang='lat' dir='ltr'>alii:</span> <span class='ocrx_word' id='word_1_106' title='bbox 827 1102 1085 1144; x_wconf 80' lang='lat' dir='ltr'>Protesilaus</span> <span class='ocrx_word' id='word_1_107' title='bbox 1112 1110 1235 1144; x_wconf 86' lang='lat' dir='ltr'>amet.</span> 
     </span>
     <span class='ocr_line' id='line_1_17' title="bbox 351 1158 1495 1213; baseline -0.003 -11"><span class='ocrx_word' id='word_1_108' title='bbox 351 1175 463 1202; x_wconf 88' lang='lat' dir='ltr'>nunc</span> <span class='ocrx_word' id='word_1_109' title='bbox 487 1160 640 1201; x_wconf 82' lang='lat' dir='ltr'>fateor:</span> <span class='ocrx_word' id='word_1_110' title='bbox 667 1160 779 1201; x_wconf 91' lang='lat' dir='ltr'>volui</span> <span class='ocrx_word' id='word_1_111' title='bbox 805 1173 1021 1207; x_wconf 87' lang='lat' dir='ltr'>revocare,</span> <span class='ocrx_word' id='word_1_112' title='bbox 1048 1159 1296 1213; x_wconf 86' lang='lat' dir='ltr'>animusque</span> <span class='ocrx_word' id='word_1_113' title='bbox 1321 1158 1495 1201; x_wconf 80' lang='lat' dir='ltr'>ferebat.</span> 
     </span>
     <span class='ocr_line' id='line_1_18' title="bbox 410 1216 1274 1271; baseline -0.002 -13"><span class='ocrx_word' id='word_1_114' title='bbox 410 1217 595 1258; x_wconf 82' lang='lat' dir='ltr'>substitit</span> <span class='ocrx_word' id='word_1_115' title='bbox 620 1216 795 1271; x_wconf 86' lang='lat' dir='ltr'>auspicii</span> <span class='ocrx_word' id='word_1_116' title='bbox 820 1216 965 1270; x_wconf 66' lang='lat' dir='ltr'>lingua</span> <span class='ocrx_word' id='word_1_117' title='bbox 989 1216 1137 1257; x_wconf 87' lang='lat' dir='ltr'>timore</span> <span class='ocrx_word' id='word_1_118' title='bbox 1163 1217 1274 1256; x_wconf 87' lang='lat' dir='ltr'>mali.</span> 
     </span>
     <span class='ocr_line' id='line_1_19' title="bbox 281 1272 1423 1327; baseline -0.002 -12"><span class='ocrx_word' id='word_1_119' title='bbox 281 1284 326 1315; x_wconf 71' lang='lat'>85&gt;</span> <span class='ocrx_word' id='word_1_120' title='bbox 353 1288 449 1315; x_wconf 90' lang='lat' dir='ltr'>cum</span> <span class='ocrx_word' id='word_1_121' title='bbox 473 1273 633 1314; x_wconf 88' lang='lat' dir='ltr'>foribus</span> <span class='ocrx_word' id='word_1_122' title='bbox 659 1273 786 1314; x_wconf 89' lang='lat' dir='ltr'>velles</span> <span class='ocrx_word' id='word_1_123' title='bbox 812 1273 866 1313; x_wconf 87' lang='lat' dir='ltr'>ad</span> <span class='ocrx_word' id='word_1_124' title='bbox 890 1272 1063 1313; x_wconf 86' lang='lat' dir='ltr'>Troiam</span> <span class='ocrx_word' id='word_1_125' title='bbox 1088 1273 1200 1313; x_wconf 82' lang='lat' dir='ltr'>exire</span> <span class='ocrx_word' id='word_1_126' title='bbox 1226 1272 1423 1327; x_wconf 85' lang='lat' dir='ltr'>paternis,</span> 
     </span>
     <span class='ocr_line' id='line_1_20' title="bbox 408 1329 1263 1385; baseline -0.002 -14"><span class='ocrx_word' id='word_1_127' title='bbox 408 1345 482 1385; x_wconf 85' lang='lat' dir='ltr'>pes</span> <span class='ocrx_word' id='word_1_128' title='bbox 508 1337 605 1371; x_wconf 88' lang='lat' dir='ltr'>tuus</span> <span class='ocrx_word' id='word_1_129' title='bbox 630 1329 791 1371; x_wconf 88' lang='lat' dir='ltr'>offenso</span> <span class='ocrx_word' id='word_1_130' title='bbox 816 1329 959 1370; x_wconf 88' lang='lat' dir='ltr'>limine</span> <span class='ocrx_word' id='word_1_131' title='bbox 985 1329 1106 1383; x_wconf 79' lang='lat' dir='ltr'>signa</span> <span class='ocrx_word' id='word_1_132' title='bbox 1131 1330 1263 1370; x_wconf 88' lang='lat' dir='ltr'>dedit:</span> 
     </span>
     <span class='ocr_line' id='line_1_21' title="bbox 352 1386 1349 1440; baseline -0.002 -12"><span class='ocrx_word' id='word_1_133' title='bbox 352 1394 400 1428; x_wconf 79' lang='lat' dir='ltr'>ut</span> <span class='ocrx_word' id='word_1_134' title='bbox 424 1386 528 1436; x_wconf 89' lang='lat' dir='ltr'>vidi,</span> <span class='ocrx_word' id='word_1_135' title='bbox 554 1386 741 1440; x_wconf 85' lang='lat' dir='ltr'>ingemui</span> <span class='ocrx_word' id='word_1_136' title='bbox 765 1386 977 1439; x_wconf 85' lang='lat' dir='ltr'>tacitoque</span> <span class='ocrx_word' id='word_1_137' title='bbox 1002 1386 1045 1426; x_wconf 88' lang='lat' dir='ltr'>in</span> <span class='ocrx_word' id='word_1_138' title='bbox 1070 1394 1238 1440; x_wconf 83' lang='lat' dir='ltr'>pectore</span> <span class='ocrx_word' id='word_1_139' title='bbox 1265 1386 1349 1426; x_wconf 80' lang='lat' dir='ltr'>dixi</span> 
     </span>
     <span class='ocr_line' id='line_1_22' title="bbox 409 1442 1342 1497; baseline 0 -14"><span class='ocrx_word' id='word_1_140' title='bbox 409 1443 552 1497; x_wconf 80' lang='lat' dir='ltr'>‘signa</span> <span class='ocrx_word' id='word_1_141' title='bbox 575 1442 784 1484; x_wconf 87' lang='lat' dir='ltr'>reversuri</span> <span class='ocrx_word' id='word_1_142' title='bbox 809 1443 910 1491; x_wconf 86' lang='lat' dir='ltr'>sint,</span> <span class='ocrx_word' id='word_1_143' title='bbox 935 1456 1096 1497; x_wconf 85' lang='lat' dir='ltr'>precor,</span> <span class='ocrx_word' id='word_1_144' title='bbox 1122 1442 1202 1483; x_wconf 87' lang='lat' dir='ltr'>ista</span> <span class='ocrx_word' id='word_1_145' title='bbox 1227 1442 1342 1483; x_wconf 80' lang='lat' dir='ltr'>viril&#39;</span> 
     </span>
     <span class='ocr_line' id='line_1_23' title="bbox 352 1498 1498 1547; baseline -0.001 -7"><span class='ocrx_word' id='word_1_146' title='bbox 352 1499 456 1540; x_wconf 86' lang='lat' dir='ltr'>haec</span> <span class='ocrx_word' id='word_1_147' title='bbox 480 1499 556 1540; x_wconf 89' lang='lat' dir='ltr'>tibi</span> <span class='ocrx_word' id='word_1_148' title='bbox 579 1513 692 1540; x_wconf 89' lang='lat' dir='ltr'>nune</span> <span class='ocrx_word' id='word_1_149' title='bbox 716 1498 870 1547; x_wconf 85' lang='lat' dir='ltr'>refero,</span> <span class='ocrx_word' id='word_1_150' title='bbox 895 1514 948 1540; x_wconf 91' lang='lat' dir='ltr'>ne</span> <span class='ocrx_word' id='word_1_151' title='bbox 973 1499 1028 1540; x_wconf 89' lang='lat' dir='ltr'>sis</span> <span class='ocrx_word' id='word_1_152' title='bbox 1054 1499 1267 1540; x_wconf 87' lang='lat' dir='ltr'>animosus</span> <span class='ocrx_word' id='word_1_153' title='bbox 1292 1499 1334 1539; x_wconf 89' lang='lat' dir='ltr'>in</span> <span class='ocrx_word' id='word_1_154' title='bbox 1360 1498 1498 1540; x_wconf 84' lang='lat' dir='ltr'>armis.</span> 
     </span>
     <span class='ocr_line' id='line_1_24' title="bbox 283 1555 1366 1597; baseline -0.002 0"><span class='ocrx_word' id='word_1_155' title='bbox 283 1567 327 1597; x_wconf 78' lang='lat'>90</span> <span class='ocrx_word' id='word_1_156' title='bbox 409 1555 478 1597; x_wconf 90' lang='lat' dir='ltr'>fac</span> <span class='ocrx_word' id='word_1_157' title='bbox 502 1570 620 1596; x_wconf 88' lang='lat' dir='ltr'>meus</span> <span class='ocrx_word' id='word_1_158' title='bbox 645 1555 688 1595; x_wconf 92' lang='lat' dir='ltr'>in</span> <span class='ocrx_word' id='word_1_159' title='bbox 714 1562 861 1595; x_wconf 88' lang='lat' dir='ltr'>ventos</span> <span class='ocrx_word' id='word_1_160' title='bbox 887 1555 954 1596; x_wconf 91' lang='lat' dir='ltr'>hic</span> <span class='ocrx_word' id='word_1_161' title='bbox 978 1555 1102 1595; x_wconf 88' lang='lat' dir='ltr'>timor</span> <span class='ocrx_word' id='word_1_162' title='bbox 1127 1556 1260 1596; x_wconf 89' lang='lat' dir='ltr'>omnis</span> <span class='ocrx_word' id='word_1_163' title='bbox 1287 1563 1366 1596; x_wconf 88' lang='lat' dir='ltr'>eat.</span> 
     </span>
     <span class='ocr_line' id='line_1_25' title="bbox 353 1611 1465 1666; baseline 0 -14"><span class='ocrx_word' id='word_1_164' title='bbox 353 1626 441 1653; x_wconf 89' lang='lat' dir='ltr'>sors</span> <span class='ocrx_word' id='word_1_165' title='bbox 466 1626 636 1665; x_wconf 88' lang='lat' dir='ltr'>quoque</span> <span class='ocrx_word' id='word_1_166' title='bbox 661 1611 802 1652; x_wconf 86' lang='lat' dir='ltr'>neseio</span> <span class='ocrx_word' id='word_1_167' title='bbox 828 1625 953 1665; x_wconf 90' lang='lat' dir='ltr'>quem</span> <span class='ocrx_word' id='word_1_168' title='bbox 979 1611 1066 1652; x_wconf 83' lang='lat' dir='ltr'>fato</span> <span class='ocrx_word' id='word_1_169' title='bbox 1092 1611 1284 1666; x_wconf 85' lang='lat' dir='ltr'>designat</span> <span class='ocrx_word' id='word_1_170' title='bbox 1308 1611 1465 1665; x_wconf 89' lang='lat' dir='ltr'>iniquo,</span> 
     </span>
     <span class='ocr_line' id='line_1_26' title="bbox 410 1667 1470 1724; baseline -0.001 -15"><span class='ocrx_word' id='word_1_171' title='bbox 410 1668 483 1722; x_wconf 87' lang='lat' dir='ltr'>qui</span> <span class='ocrx_word' id='word_1_172' title='bbox 507 1668 667 1724; x_wconf 88' lang='lat' dir='ltr'>primus</span> <span class='ocrx_word' id='word_1_173' title='bbox 692 1667 892 1709; x_wconf 83' lang='lat' dir='ltr'>Danaum</span> <span class='ocrx_word' id='word_1_174' title='bbox 917 1668 1086 1708; x_wconf 87' lang='lat' dir='ltr'>Troada</span> <span class='ocrx_word' id='word_1_175' title='bbox 1110 1675 1256 1723; x_wconf 83' lang='lat' dir='ltr'>tangat</span> <span class='ocrx_word' id='word_1_176' title='bbox 1282 1668 1470 1709; x_wconf 89' lang='lat' dir='ltr'>humum.</span> 
     </span>
     <span class='ocr_line' id='line_1_27' title="bbox 351 1724 1449 1780; baseline 0 -14"><span class='ocrx_word' id='word_1_177' title='bbox 351 1725 519 1774; x_wconf 84' lang='lat' dir='ltr'>infelix,</span> <span class='ocrx_word' id='word_1_178' title='bbox 544 1739 654 1778; x_wconf 88' lang='lat' dir='ltr'>quae</span> <span class='ocrx_word' id='word_1_179' title='bbox 678 1725 814 1779; x_wconf 87' lang='lat' dir='ltr'>prima</span> <span class='ocrx_word' id='word_1_180' title='bbox 838 1724 974 1765; x_wconf 84' lang='lat' dir='ltr'>virum</span> <span class='ocrx_word' id='word_1_181' title='bbox 999 1724 1162 1779; x_wconf 81' lang='lat' dir='ltr'>lugebit</span> <span class='ocrx_word' id='word_1_182' title='bbox 1187 1725 1449 1780; x_wconf 71' lang='lat' dir='ltr'>ademptum!</span> 
     </span>
     <span class='ocr_line' id='line_1_28' title="bbox 410 1781 1288 1830; baseline 0 -8"><span class='ocrx_word' id='word_1_183' title='bbox 410 1782 452 1822; x_wconf 90' lang='lat' dir='ltr'>di</span> <span class='ocrx_word' id='word_1_184' title='bbox 477 1781 653 1830; x_wconf 83' lang='lat' dir='ltr'>faciant,</span> <span class='ocrx_word' id='word_1_185' title='bbox 680 1796 732 1822; x_wconf 87' lang='lat' dir='ltr'>nc</span> <span class='ocrx_word' id='word_1_186' title='bbox 758 1789 803 1822; x_wconf 88' lang='lat' dir='ltr'>tu</span> <span class='ocrx_word' id='word_1_187' title='bbox 828 1789 1022 1822; x_wconf 74' lang='lat' dir='ltr'>strenuus</span> <span class='ocrx_word' id='word_1_188' title='bbox 1048 1796 1139 1822; x_wconf 85' lang='lat' dir='ltr'>esse</span> <span class='ocrx_word' id='word_1_189' title='bbox 1165 1781 1288 1822; x_wconf 73' lang='lat' dir='ltr'>velis!</span> 
     </span>
     <span class='ocr_line' id='line_1_29' title="bbox 284 1837 1328 1893; baseline 0 -14"><span class='ocrx_word' id='word_1_190' title='bbox 284 1850 327 1879; x_wconf 69' lang='grc'>95</span> <span class='ocrx_word' id='word_1_191' title='bbox 353 1839 461 1879; x_wconf 86' lang='lat' dir='ltr'>inter</span> <span class='ocrx_word' id='word_1_192' title='bbox 486 1838 597 1879; x_wconf 89' lang='lat' dir='ltr'>mille</span> <span class='ocrx_word' id='word_1_193' title='bbox 621 1844 730 1879; x_wconf 88' lang='lat' dir='ltr'>rates</span> <span class='ocrx_word' id='word_1_194' title='bbox 757 1845 829 1878; x_wconf 84' lang='lat' dir='ltr'>tua</span> <span class='ocrx_word' id='word_1_195' title='bbox 854 1837 906 1878; x_wconf 86' lang='lat' dir='ltr'>sit</span> <span class='ocrx_word' id='word_1_196' title='bbox 931 1838 1151 1878; x_wconf 87' lang='lat' dir='ltr'>millesima</span> <span class='ocrx_word' id='word_1_197' title='bbox 1176 1838 1328 1893; x_wconf 87' lang='lat' dir='ltr'>puppis</span> 
     </span>
     <span class='ocr_line' id='line_1_30' title="bbox 409 1894 1311 1948; baseline 0.001 -14"><span class='ocrx_word' id='word_1_198' title='bbox 409 1895 578 1947; x_wconf 75' lang='lat' dir='ltr'>iamque</span> <span class='ocrx_word' id='word_1_199' title='bbox 606 1894 805 1948; x_wconf 78' lang='lat' dir='ltr'>fatigatas</span> <span class='ocrx_word' id='word_1_200' title='bbox 831 1894 977 1934; x_wconf 84' lang='lat' dir='ltr'>ultima</span> <span class='ocrx_word' id='word_1_201' title='bbox 1003 1903 1141 1935; x_wconf 83' lang='lat' dir='ltr'>verset</span> <span class='ocrx_word' id='word_1_202' title='bbox 1167 1908 1311 1947; x_wconf 83' lang='lat' dir='ltr'>aquas.</span> 
     </span>
     <span class='ocr_line' id='line_1_31' title="bbox 353 1951 1525 2004; baseline 0.001 -13"><span class='ocrx_word' id='word_1_203' title='bbox 353 1951 433 1992; x_wconf 89' lang='lat' dir='ltr'>hoc</span> <span class='ocrx_word' id='word_1_204' title='bbox 457 1964 627 2004; x_wconf 88' lang='lat' dir='ltr'>quoque</span> <span class='ocrx_word' id='word_1_205' title='bbox 652 1964 925 2004; x_wconf 86' lang='lat' dir='ltr'>praemoneo:</span> <span class='ocrx_word' id='word_1_206' title='bbox 953 1951 1003 1991; x_wconf 87' lang='lat' dir='ltr'>de</span> <span class='ocrx_word' id='word_1_207' title='bbox 1029 1965 1137 1992; x_wconf 84' lang='lat' dir='ltr'>nave</span> <span class='ocrx_word' id='word_1_208' title='bbox 1162 1951 1414 1991; x_wconf 74' lang='lat' dir='ltr'>novissimus</span> <span class='ocrx_word' id='word_1_209' title='bbox 1441 1952 1525 2001; x_wconf 78' lang='lat' dir='ltr'>exi3</span> 
     </span>
     <span class='ocr_line' id='line_1_32' title="bbox 409 2008 1402 2061; baseline 0 -14"><span class='ocrx_word' id='word_1_210' title='bbox 409 2021 494 2047; x_wconf 89' lang='lat' dir='ltr'>non</span> <span class='ocrx_word' id='word_1_211' title='bbox 519 2014 602 2054; x_wconf 89' lang='lat' dir='ltr'>est,</span> <span class='ocrx_word' id='word_1_212' title='bbox 628 2020 710 2060; x_wconf 91' lang='lat' dir='ltr'>quo</span> <span class='ocrx_word' id='word_1_213' title='bbox 736 2021 954 2061; x_wconf 88' lang='lat' dir='ltr'>properes,</span> <span class='ocrx_word' id='word_1_214' title='bbox 980 2015 1090 2048; x_wconf 85' lang='lat' dir='ltr'>terra</span> <span class='ocrx_word' id='word_1_215' title='bbox 1115 2015 1289 2061; x_wconf 86' lang='lat' dir='ltr'>paterna</span> <span class='ocrx_word' id='word_1_216' title='bbox 1315 2008 1402 2048; x_wconf 87' lang='lat' dir='ltr'>tibi.</span> 
     </span>
     <span class='ocr_line' id='line_1_33' title="bbox 355 2063 1442 2117; baseline -0.001 -12"><span class='ocrx_word' id='word_1_217' title='bbox 355 2078 451 2105; x_wconf 90' lang='lat' dir='ltr'>cum</span> <span class='ocrx_word' id='word_1_218' title='bbox 476 2063 638 2111; x_wconf 88' lang='lat' dir='ltr'>venies,</span> <span class='ocrx_word' id='word_1_219' title='bbox 664 2077 864 2116; x_wconf 87' lang='lat' dir='ltr'>remoque</span> <span class='ocrx_word' id='word_1_220' title='bbox 890 2078 1013 2104; x_wconf 82' lang='lat' dir='ltr'>move</span> <span class='ocrx_word' id='word_1_221' title='bbox 1039 2063 1216 2117; x_wconf 78' lang='lat' dir='ltr'>veloque</span> <span class='ocrx_word' id='word_1_222' title='bbox 1243 2064 1442 2113; x_wconf 83' lang='lat' dir='ltr'>carinam,</span> 
     </span>
     <span class='ocr_line' id='line_1_34' title="bbox 265 2119 1412 2174; baseline -0.001 -13"><span class='ocrx_word' id='word_1_223' title='bbox 265 2133 328 2163; x_wconf 81' lang='lat'>100</span> <span class='ocrx_word' id='word_1_224' title='bbox 409 2120 536 2173; x_wconf 85' lang='lat' dir='ltr'>inque</span> <span class='ocrx_word' id='word_1_225' title='bbox 561 2127 634 2160; x_wconf 88' lang='lat' dir='ltr'>tuo</span> <span class='ocrx_word' id='word_1_226' title='bbox 660 2119 838 2161; x_wconf 88' lang='lat' dir='ltr'>celerem</span> <span class='ocrx_word' id='word_1_227' title='bbox 862 2120 982 2161; x_wconf 86' lang='lat' dir='ltr'>litore</span> <span class='ocrx_word' id='word_1_228' title='bbox 1009 2120 1106 2161; x_wconf 87' lang='lat' dir='ltr'>siste</span> <span class='ocrx_word' id='word_1_229' title='bbox 1131 2120 1329 2174; x_wconf 78' lang='lat' dir='ltr'>gradum!</span> <span class='ocrx_word' id='word_1_230' title='bbox 1356 2145 1412 2150; x_wconf 87' lang='lat'>—</span> 
     </span>
     <span class='ocr_line' id='line_1_35' title="bbox 354 2175 1355 2226; baseline 0 -9"><span class='ocrx_word' id='word_1_231' title='bbox 354 2177 440 2217; x_wconf 88' lang='lat' dir='ltr'>sive</span> <span class='ocrx_word' id='word_1_232' title='bbox 466 2177 567 2217; x_wconf 87' lang='lat' dir='ltr'>latet</span> <span class='ocrx_word' id='word_1_233' title='bbox 590 2175 792 2217; x_wconf 87' lang='lat' dir='ltr'>Phoebus</span> <span class='ocrx_word' id='word_1_234' title='bbox 819 2191 893 2218; x_wconf 87' lang='lat' dir='ltr'>seu</span> <span class='ocrx_word' id='word_1_235' title='bbox 919 2177 1036 2218; x_wconf 85' lang='lat' dir='ltr'>terris</span> <span class='ocrx_word' id='word_1_236' title='bbox 1063 2176 1182 2217; x_wconf 84' lang='lat' dir='ltr'>altior</span> <span class='ocrx_word' id='word_1_237' title='bbox 1207 2188 1355 2226; x_wconf 81' lang='lat' dir='ltr'>exstat,</span> 
     </span>
     <span class='ocr_line' id='line_1_36' title="bbox 410 2232 1363 2282; baseline 0.002 -9"><span class='ocrx_word' id='word_1_238' title='bbox 410 2241 455 2273; x_wconf 96' lang='lat' dir='ltr'>tu</span> <span class='ocrx_word' id='word_1_239' title='bbox 480 2232 582 2273; x_wconf 88' lang='lat' dir='ltr'>mihi</span> <span class='ocrx_word' id='word_1_240' title='bbox 606 2232 700 2274; x_wconf 87' lang='lat' dir='ltr'>luce</span> <span class='ocrx_word' id='word_1_241' title='bbox 726 2233 856 2282; x_wconf 90' lang='lat' dir='ltr'>dolor,</span> <span class='ocrx_word' id='word_1_242' title='bbox 882 2241 928 2274; x_wconf 87' lang='lat' dir='ltr'>tu</span> <span class='ocrx_word' id='word_1_243' title='bbox 953 2233 1054 2274; x_wconf 90' lang='lat' dir='ltr'>mihi</span> <span class='ocrx_word' id='word_1_244' title='bbox 1078 2241 1201 2274; x_wconf 84' lang='lat' dir='ltr'>nocte</span> <span class='ocrx_word' id='word_1_245' title='bbox 1227 2234 1363 2275; x_wconf 74' lang='lat' dir='ltr'>venis:</span> 
     </span>
     <span class='ocr_line' id='line_1_37' title="bbox 352 2290 1568 2346; baseline 0.002 -16"><span class='ocrx_word' id='word_1_246' title='bbox 352 2297 476 2330; x_wconf 86' lang='lat' dir='ltr'>nocte</span> <span class='ocrx_word' id='word_1_247' title='bbox 501 2297 642 2330; x_wconf 86' lang='lat' dir='ltr'>tamen</span> <span class='ocrx_word' id='word_1_248' title='bbox 669 2304 796 2343; x_wconf 84' lang='lat' dir='ltr'>quam</span> <span class='ocrx_word' id='word_1_249' title='bbox 821 2290 914 2331; x_wconf 89' lang='lat' dir='ltr'>luce</span> <span class='ocrx_word' id='word_1_250' title='bbox 941 2290 1088 2344; x_wconf 81' lang='lat' dir='ltr'>magis.</span> <span class='ocrx_word' id='word_1_251' title='bbox 1149 2304 1233 2330; x_wconf 80' lang='lat' dir='ltr'>nox</span> <span class='ocrx_word' id='word_1_252' title='bbox 1257 2300 1378 2345; x_wconf 77' lang='lat' dir='ltr'>grata</span> <span class='ocrx_word' id='word_1_253' title='bbox 1404 2291 1568 2346; x_wconf 87' lang='lat' dir='ltr'>puellis,</span> 
     </span>
     <span class='ocr_line' id='line_1_38' title="bbox 410 2346 1358 2401; baseline 0.001 -15"><span class='ocrx_word' id='word_1_254' title='bbox 410 2360 589 2400; x_wconf 84' lang='lat' dir='ltr'>quarum</span> <span class='ocrx_word' id='word_1_255' title='bbox 615 2346 856 2401; x_wconf 84' lang='lat' dir='ltr'>subpositus</span> <span class='ocrx_word' id='word_1_256' title='bbox 883 2347 988 2388; x_wconf 91' lang='lat' dir='ltr'>colla</span> <span class='ocrx_word' id='word_1_257' title='bbox 1013 2347 1191 2388; x_wconf 86' lang='lat' dir='ltr'>lacertus</span> <span class='ocrx_word' id='word_1_258' title='bbox 1217 2346 1358 2388; x_wconf 85' lang='lat' dir='ltr'>habet.</span> 
     </span>
     <span class='ocr_line' id='line_1_39' title="bbox 265 2403 1382 2457; baseline -0.001 -12"><span class='ocrx_word' id='word_1_259' title='bbox 265 2416 326 2445; x_wconf 81' lang='lat'>105</span> <span class='ocrx_word' id='word_1_260' title='bbox 353 2417 539 2457; x_wconf 87' lang='lat' dir='ltr'>aucupor</span> <span class='ocrx_word' id='word_1_261' title='bbox 562 2403 604 2443; x_wconf 88' lang='lat' dir='ltr'>in</span> <span class='ocrx_word' id='word_1_262' title='bbox 630 2403 738 2444; x_wconf 83' lang='lat' dir='ltr'>lecto</span> <span class='ocrx_word' id='word_1_263' title='bbox 763 2403 985 2444; x_wconf 86' lang='lat' dir='ltr'>mendaces</span> <span class='ocrx_word' id='word_1_264' title='bbox 1011 2403 1169 2445; x_wconf 84' lang='lat' dir='ltr'>caelibe</span> <span class='ocrx_word' id='word_1_265' title='bbox 1195 2417 1382 2444; x_wconf 82' lang='lat' dir='ltr'>somnos:</span> 
     </span>
     <span class='ocr_line' id='line_1_40' title="bbox 351 2459 1308 2514; baseline 0.002 -15"><span class='ocrx_word' id='word_1_266' title='bbox 351 2489 357 2493; x_wconf 73' lang='grc'>-</span> <span class='ocrx_word' id='word_1_267' title='bbox 410 2459 512 2500; x_wconf 89' lang='lat' dir='ltr'>dum</span> <span class='ocrx_word' id='word_1_268' title='bbox 538 2473 659 2501; x_wconf 84' lang='lat' dir='ltr'>careo</span> <span class='ocrx_word' id='word_1_269' title='bbox 684 2460 813 2509; x_wconf 87' lang='lat' dir='ltr'>veris,</span> <span class='ocrx_word' id='word_1_270' title='bbox 838 2461 995 2514; x_wconf 83' lang='lat' dir='ltr'>gaudia</span> <span class='ocrx_word' id='word_1_271' title='bbox 1019 2460 1127 2501; x_wconf 82' lang='lat' dir='ltr'>falsa</span> <span class='ocrx_word' id='word_1_272' title='bbox 1150 2460 1308 2501; x_wconf 80' lang='lat' dir='ltr'>iuvant.</span> 
     </span>
     <span class='ocr_line' id='line_1_41' title="bbox 354 2515 1354 2571; baseline 0.003 -16"><span class='ocrx_word' id='word_1_273' title='bbox 354 2515 428 2556; x_wconf 86' lang='lat' dir='ltr'>sed</span> <span class='ocrx_word' id='word_1_274' title='bbox 453 2523 525 2556; x_wconf 89' lang='lat' dir='ltr'>tua</span> <span class='ocrx_word' id='word_1_275' title='bbox 550 2529 624 2556; x_wconf 86' lang='lat' dir='ltr'>eur</span> <span class='ocrx_word' id='word_1_276' title='bbox 648 2516 769 2558; x_wconf 89' lang='lat' dir='ltr'>nobis</span> <span class='ocrx_word' id='word_1_277' title='bbox 795 2517 956 2571; x_wconf 89' lang='lat' dir='ltr'>pallens</span> <span class='ocrx_word' id='word_1_278' title='bbox 983 2517 1162 2558; x_wconf 89' lang='lat' dir='ltr'>occurrit</span> <span class='ocrx_word' id='word_1_279' title='bbox 1186 2517 1354 2571; x_wconf 82' lang='lat' dir='ltr'>imago?</span> 
     </span>
     <span class='ocr_line' id='line_1_42' title="bbox 411 2572 1337 2628; baseline 0.004 -17"><span class='ocrx_word' id='word_1_280' title='bbox 411 2586 484 2612; x_wconf 89' lang='lat' dir='ltr'>eur</span> <span class='ocrx_word' id='word_1_281' title='bbox 508 2572 622 2613; x_wconf 84' lang='lat' dir='ltr'>venit</span> <span class='ocrx_word' id='word_1_282' title='bbox 647 2588 671 2614; x_wconf 89' lang='lat' dir='ltr'>a</span> <span class='ocrx_word' id='word_1_283' title='bbox 696 2573 835 2614; x_wconf 78' lang='lat' dir='ltr'>verbis</span> <span class='ocrx_word' id='word_1_284' title='bbox 861 2574 994 2615; x_wconf 86' lang='lat' dir='ltr'>multa</span> <span class='ocrx_word' id='word_1_285' title='bbox 1018 2573 1204 2628; x_wconf 85' lang='lat' dir='ltr'>querella</span> <span class='ocrx_word' id='word_1_286' title='bbox 1229 2574 1337 2615; x_wconf 84' lang='lat' dir='ltr'>tuis?</span> 
     </span>
     <span class='ocr_line' id='line_1_43' title="bbox 354 2629 1375 2684; baseline 0.004 -16"><span class='ocrx_word' id='word_1_287' title='bbox 354 2629 542 2669; x_wconf 84' lang='lat' dir='ltr'>excutior</span> <span class='ocrx_word' id='word_1_288' title='bbox 566 2643 712 2670; x_wconf 88' lang='lat' dir='ltr'>somno</span> <span class='ocrx_word' id='word_1_289' title='bbox 737 2630 1044 2684; x_wconf 86' lang='lat' dir='ltr'>simulacraque</span> <span class='ocrx_word' id='word_1_290' title='bbox 1069 2630 1202 2672; x_wconf 87' lang='lat' dir='ltr'>noctis</span> <span class='ocrx_word' id='word_1_291' title='bbox 1228 2630 1375 2672; x_wconf 85' lang='lat' dir='ltr'>adoro:</span> 
     </span>
     <span class='ocr_line' id='line_1_44' title="bbox 264 2685 1280 2728; baseline 0.005 -5"><span class='ocrx_word' id='word_1_292' title='bbox 264 2696 329 2728; x_wconf 84' lang='lat'>110</span> <span class='ocrx_word' id='word_1_293' title='bbox 410 2685 525 2725; x_wconf 87' lang='lat' dir='ltr'>nulla</span> <span class='ocrx_word' id='word_1_294' title='bbox 550 2692 663 2727; x_wconf 87' lang='lat' dir='ltr'>caret</span> <span class='ocrx_word' id='word_1_295' title='bbox 687 2686 804 2727; x_wconf 86' lang='lat' dir='ltr'>fumo</span> <span class='ocrx_word' id='word_1_296' title='bbox 830 2687 1044 2728; x_wconf 82' lang='lat' dir='ltr'>Thessalis</span> <span class='ocrx_word' id='word_1_297' title='bbox 1070 2703 1142 2728; x_wconf 88' lang='lat' dir='ltr'>ara</span> <span class='ocrx_word' id='word_1_298' title='bbox 1166 2701 1280 2728; x_wconf 89' lang='lat' dir='ltr'>meo:</span> 
     </span>
     <span class='ocr_line' id='line_1_45' title="bbox 353 2741 1588 2799; baseline 0.003 -18"><span class='ocrx_word' id='word_1_299' title='bbox 353 2747 447 2782; x_wconf 87' lang='lat' dir='ltr'>tura</span> <span class='ocrx_word' id='word_1_300' title='bbox 471 2741 639 2791; x_wconf 83' lang='lat' dir='ltr'>damus,</span> <span class='ocrx_word' id='word_1_301' title='bbox 664 2742 963 2798; x_wconf 84' lang='lat' dir='ltr'>lacrimamque</span> <span class='ocrx_word' id='word_1_302' title='bbox 988 2758 1128 2799; x_wconf 88' lang='lat' dir='ltr'>super,</span> <span class='ocrx_word' id='word_1_303' title='bbox 1153 2757 1238 2798; x_wconf 87' lang='lat' dir='ltr'>qua</span> <span class='ocrx_word' id='word_1_304' title='bbox 1262 2758 1408 2799; x_wconf 86' lang='lat' dir='ltr'>sparsa</span> <span class='ocrx_word' id='word_1_305' title='bbox 1431 2743 1588 2786; x_wconf 87' lang='lat' dir='ltr'>relucet</span> 
     </span>
    </p>
   </div>
  </div>
 </body>
</html>
