1831 3168
497 238 770 276 11ER01DUM
794 239 881 273 Χ11
910 239 1099 275 loe—193.
1423 229 1482 274 43

176 319 360 362 constitit
385 320 437 360 ad
462 321 656 375 geminae
681 321 825 362 limina
850 321 985 375 prima
1009 320 1130 376 foris)
1511 335 1579 366 150

119 375 238 418 ‘hinc
262 376 382 425 mihi,
409 386 553 426 mater,
581 377 670 418 abit
707 392 905 432 pompam
930 377 1066 432 pater’
1093 377 1229 431 inquit
1254 376 1400 419 ‘Iason

176 433 291 474 ducit
316 441 354 474 et
381 433 600 475 adiunctos
626 449 829 475 aureusu
803 443 956 488 urguet
982 434 1140 488 equos.'

118 490 308 545 protinus
334 489 520 531 abscissa
545 491 687 544 planxi
713 506 806 531 mea
830 499 1000 545 pectora
1025 499 1154 540 veste,

176 554 266 586 tuta
290 560 368 587 nec
394 561 418 586 a
442 547 583 599 digitis
609 561 681 587 ora
706 547 823 587 fuere
849 547 965 588 meis.

118 602 178 644 ire
204 602 368 643 animus
394 604 556 644 mediae
583 603 787 643 suadebat
812 603 852 643 in
878 603 1048 658 agmina
1072 603 1220 645 turbae
1513 616 1578 647 155

177 667 371 712 sertaque
397 659 638 713 compositis
664 659 829 700 demere
855 668 976 714 rapta
1000 661 1143 701 comis.

120 715 190 756 vix
217 730 282 756 me
308 715 514 762 continui,
541 715 643 768 quin
669 715 728 755 sic
752 715 908 755 laniata
933 716 1107 769 capillos

176 772 435 812 clamarem‘
444 786 562 811 meus
589 771 669 811 est’
695 771 978 824 iniceremque
1005 786 1167 812 manus.

116 828 229 869 laese
254 835 437 882 patene,
414 826 570 875 ‹raude3
598 825 746 867 Colchi
771 827 954 881 gaudete
979 827 1129 868 relicti.

173 883 363 932 inferias,
389 883 563 924 umb1ae
589 883 748 931 fratris,
774 883 945 932 habete,
971 883 1072 925 mei!
1513 899 1579 929 160

120 939 300 988 deseror,
326 939 489 980 amissis
514 954 644 994 regno
670 940 889 994 patriaque
915 915 1138 993 domoque,

174 996 372 1051 coniuge,
399 996 470 1050 qui
495 996 617 1037 nobis
644 997 784 1036 omnia
808 997 921 1037 solus
947 1003 1048 1037 erat.

117 1061 330 1108 serpentes
355 1053 484 1107 igitur
508 1053 626 1108 potui
651 1061 879 1106 taurosque
904 1053 1095 1102 furentis,

175 1125 308 1151 unum
334 1124 418 1150 non
444 1110 561 1164 potui
587 1109 876 1164 perdomuisse
902 1110 1051 1150 virum.

116 1180 309 1220 quaeque
334 1166 444 1207 feros
470 1166 613 1221 pepuli
638 1166 771 1207 doctis
796 1166 1072 1207 medicatibus
1097 1166 1231 1221 ignes,
1513 1180 1579 1211 165

173 1237 256 1263 non
283 1222 402 1263 valeo
428 1223 618 1263 flammas
645 1222 831 1277 effugere
856 1223 948 1277 ipsa
972 1238 1100 1264 meas.

114 1279 195 1334 ipsi
220 1294 286 1320 me
313 1289 459 1319 cantus
484 1279 724 1333 herbaeque
751 1290 944 1333 artesque
969 1280 1224 1332 relinquunt.

171 1336 230 1376 nil
255 1335 354 1384 dea,
379 1336 437 1376 nil
463 1336 647 1378 Hecates
673 1351 792 1377 sacra
816 1336 997 1390 potentis
1022 1344 1168 1391 agunt.

115 1407 200 1433 non
225 1392 326 1432 mihi
351 1400 473 1447 grata
499 1392 606 1442 dies,
633 1402 777 1434 noctes
803 1392 1031 1448 vigilantur
1056 1407 1237 1443 amarae,

151 1463 250 1491 nec
274 1456 461 1490 teneram
485 1449 637 1490 misero
663 1458 832 1514 pectore
858 1463 1027 1490 somnus
1053 1449 1193 1490 habet.
1514 1462 1581 1493 170

116 1519 224 1560 quae
249 1521 316 1547 me
340 1520 424 1546 non
449 1520 642 1560 possum,
667 1506 786 1561 potui
812 1506 947 1561 sopire
974 1506 1212 1547 draconem.

173 1562 314 1603 utilior
339 1562 470 1603 cuivis
497 1577 623 1616 quam
648 1562 750 1603 mihi
777 1578 876 1604 cura
901 1577 995 1604 mea
1020 1571 1096 1604 est.

116 1633 221 1672 quos
247 1633 326 1673 ego
353 1620 535 1667 servavi,
561 1620 709 1673 paelex
735 1619 1000 1674 amplectitur
1025 1628 1153 1668 artus,

175 1683 215 1716 et
239 1675 370 1716 nostri
394 1675 556 1716 fructus
581 1676 652 1716 illa
674 1676 830 1716 laboris
855 1675 995 1717 habet.

116 1731 291 1772 forsitan
318 1741 375 1780 et,
402 1732 553 1773 stultae
580 1732 679 1773 dum
706 1740 745 1773 te
769 1733 925 1773 iactare
948 1732 1124 1772 maritae
1512 1744 1578 1775 175

174 1788 340 1841 quaeris
367 1796 407 1829 et
431 1788 595 1829 iniustis
621 1789 793 1830 auribus
820 1797 918 1843 apta
942 1789 1072 1842 loqui,

116 1845 158 1885 in
183 1845 336 1885 faciem
361 1859 582 1897 moresque
608 1859 723 1886 meos
748 1860 859 1886 nova
884 1845 1058 1885 crimina
1081 1844 1229 1899 fingas.

172 1901 306 1942 rideat
332 1909 373 1942 et
398 1901 508 1941 vitiis
532 1902 643 1943 laeta
669 1902 721 1942 sit
745 1902 817 1942 illa
841 1902 958 1942 meis.

115 1958 248 1999 rideat
274 1966 315 1999 et
340 1957 470 2012 Tyrio
495 1957 630 1998 iaceat
656 1958 846 1998 sublimis
870 1958 914 1998 111
939 1965 1070 1998 ostro:

172 2014 310 2062 flebit,
337 2025 375 2056 et
402 2015 571 2056 ardores
597 2014 738 2055 vincet
763 2015 912 2055 adusta
936 2013 1072 2055 meos!
1512 2027 1577 2058 180

118 2071 218 2112 dum
242 2071 400 2112 ferrum
424 2071 704 2124 flammaeque
730 2071 909 2112 aderunt
933 2085 1144 2124 sucusque
1170 2070 1334 2120 veneni,

173 2128 303 2169 hostis
328 2127 511 2169 Medeae
536 2128 676 2169 nullus
701 2128 860 2169 inultus
886 2128 975 2169 elit.

118 2184 231 2240 quod
257 2185 291 2225 si
315 2184 422 2225 forte
429 2199 593 2249 preces
619 2185 863 2239 pr·aecoidia
887 2184 1024 2225 ferrea
1049 2191 1242 2239 tangunt,
1287 2233 1290 2235 ,

174 2255 287 2282 1111110
313 2241 461 2282 animis
487 2241 585 2282 audi
612 2241 742 2282 verba
766 2241 929 2282 minora
953 2241 1070 2281 meis.

117 2307 203 2340 tam
228 2297 305 2338 tibi
331 2313 423 2338 sum
449 2299 646 2352 supplex,
673 2312 800 2351 quam
827 2307 871 2339 tu
896 2297 998 2337 mihi
1023 2312 1148 2351 saepe
1174 2296 1310 2337 fuisti:
1511 2309 1577 2340 185

175 2368 253 2395 nec
278 2368 419 2395 moror
444 2363 540 2395 ante
566 2362 660 2395 tuos
684 2354 960 2409 procubuisse
985 2353 1128 2408 pedes.

121 2412 155 2452 si
179 2411 255 2451 tibi
280 2425 373 2450 sum
397 2410 511 2459 vilis,
537 2411 771 2451 communis
796 2411 956 2465 respice
981 2417 1122 2450 natos:

178 2467 337 2508 saeviet
360 2466 403 2506 in
428 2475 574 2520 partus
600 2467 690 2507 dira
713 2481 896 2508 noverca
919 2481 1049 2508 meos.

122 2531 160 2565 et
187 2523 363 2563 nimium
389 2523 543 2563 similes
568 2523 644 2564 tibi
669 2531 783 2572 sunt,
810 2530 851 2565 et
875 2523 1059 2578 imagine
1084 2529 1249 2578 tangor,

178 2588 217 2621 ct
244 2579 435 2633 quotiens
461 2579 603 2628 video,
629 2580 790 2621 lumina
813 2587 956 2621 nostra
979 2579 1163 2620 madent.
1510 2593 1578 2624 190

121 2651 195 2692 per
220 2650 393 2691 superos
420 2650 511 2685 orO,
536 2651 612 2691 per
636 2637 772 2678 avitae
795 2637 956 2678 lumina
979 2636 1188 2685 flammae,

179 2708 253 2747 per
276 2692 472 2734 meritum
497 2700 537 2734 et
561 2700 702 2743 natos,
726 2694 905 2748 pignora
927 2700 1082 2741 nostra,
1109 2693 1233 2734 duos:

123 2749 252 2791 redde
278 2757 434 2799 torum,
459 2764 534 2805 pro
560 2764 644 2804 quo
669 2758 729 2792 tot
754 2765 820 2792 res
844 2750 992 2792 insana
1015 2749 1185 2803 reliqui3
