1831 3168
318 181 401 225 150
770 189 814 224 P.
841 188 987 225 ovlm
1012 187 1229 224 NASONIS

374 273 508 315 acrior
533 278 595 313 est
618 276 762 312 nostra
787 270 966 325 plusque
992 269 1145 310 furoris
1170 269 1310 311 habet.

318 345 418 385 ergo
444 344 542 383 age,
568 342 620 368 ne
647 326 794 368 dubita
819 335 990 368 cunetas
1018 341 1185 382 sperare
1211 327 1390 381 puellas:

374 387 444 427 iix
470 384 548 426 eiit
572 399 594 425 e
620 384 761 424 multis
787 398 895 438 quae
920 393 1048 439 neget
1072 398 1158 424 una
1182 383 1270 424 tibi.

228 457 291 487 345
318 458 389 497 qu
379 458 427 484 ae
453 442 554 483 dant
579 455 773 494 quaeque
798 450 975 496 negant,
975 418 1195 496 ogaudent
1219 448 1359 482 tamen
1385 454 1476 482 esse
1501 445 1687 495 rogatae.

373 508 420 540 ut
444 499 528 539 iam
553 497 734 546 fallaris,
759 505 851 539 tuta
854 473 1045 553 C³1⁴epiilsa.
1069 505 1142 539 tua
1167 504 1242 539 est.

317 557 391 599 sed
417 570 490 597 cur
515 554 694 603 fallaris,
721 569 818 596 cum
844 555 897 596 sit
921 569 1031 596 nova
1054 562 1176 610 grata
1201 555 1408 610 voluptas,

375 620 415 655 et
414 611 607 667 capiant
632 611 793 653 animos
819 612 913 677 plus
940 612 1077 654 aliena
1103 611 1213 657 suis?

317 664 492 713 fertilior
517 683 638 724 seges
665 676 728 710 est
753 668 897 711 alienis
924 684 1090 725 semper
1114 669 1156 709 in
1184 668 1309 724 agris,

227 741 292 771 350
374 727 643 780 vicinumque
668 740 849 781 pecusg
825 726 1025 768 orandius
1052 726 1157 768 ubei
1181 725 1219 766 h
1213 726 1321 767 ibet
1345 749 1403 754 ——

318 785 392 826 sed
417 784 533 839 prius
559 783 753 824 ancillam
779 784 1012 838 captandae
1038 798 1160 825 nosse
1187 783 1350 837 puellae

376 856 476 882 cura
501 841 572 882 sit:
599 854 794 881 accessus
819 840 977 881 molliet
1002 841 1074 882 illa
1098 849 1206 882 tuos.

317 898 510 954 proxima
535 897 717 939 consiliis
744 897 938 939 dominae
964 897 1015 939 sit
1040 905 1086 938 ut
1109 897 1200 945 illa,
1213 895 1379 962 fidem,

374 970 481 997 neve
506 969 655 1010 parum
681 954 828 996 tacitis
844 954 1011 996 conscia
1034 954 1154 995 fida
1144 953 1259 995 1ocis.

228 1024 291 1055 355
317 1012 427 1054 hanc
452 1021 499 1053 tu
524 1011 738 1066 pollicitis,
764 1011 873 1052 hanc
898 1020 944 1052 tu
970 1026 1190 1066 corrumpe
1214 1009 1423 1066 logando:

375 1068 489 1123 quod
514 1068 641 1123 petis,
669 1084 721 1110 ex
745 1067 877 1116 facili,
905 1069 937 1109 si
964 1069 1077 1110 xolet
1100 1068 1190 1117 illa,
1216 1067 1338 1108 feres.

317 1126 389 1167 illa
411 1126 525 1180 leget
549 1132 729 1180 tempus,
754 1149 812 1154 —
834 1125 987 1166 medici
1012 1139 1179 1179 quoque
1205 1132 1394 1179 tempora
1419 1130 1587 1166 servant
1609 1147 1667 1153 -

376 1197 459 1236 quo
485 1181 619 1223 facilis
646 1182 839 1224 dominae
865 1197 982 1223 mens
1008 1183 1060 1223 sit
1086 1192 1124 1223 et
1152 1190 1251 1236 apta
1276 1182 1383 1236 capi.

318 1254 436 1281 mens
465 1239 542 1280 erit
567 1246 664 1293 apta
690 1239 783 1294 capi
808 1248 917 1288 tum,
945 1255 1040 1280 eum
1065 1239 1294 1280 laetissima
1318 1253 1460 1279 rerum

228 1306 293 1338 360
376 1304 424 1337 ιιι
448 1310 569 1351 seges
594 1296 638 1336 in
662 1295 811 1350 pingui
835 1296 1065 1337 luxuriabit
1089 1296 1230 1337 humo.

318 1360 490 1408 pectora
515 1352 616 1393 dum
640 1353 830 1408 gaudent
853 1368 931 1394 nec
957 1361 1052 1394 sunt
1079 1352 1277 1394 adstricta
1303 1351 1458 1400 dolore,

375 1410 467 1465 ipsa
492 1416 650 1464 patent.
710 1409 866 1451 blanda
892 1417 981 1450 tum
1007 1410 1119 1451 subit
1144 1417 1231 1451 arte
1255 1409 1417 1450 Venus.

318 1474 408 1508 tum
434 1481 531 1508 cum
555 1465 683 1507 tristis
709 1474 816 1516 erat,
843 1466 1017 1508 defensa
1043 1475 1104 1508 est
1130 1466 1230 1507 Ilios
1257 1465 1401 1506 armis:

375 1523 578 1564 militibus
601 1523 826 1578 gravidum
852 1523 962 1565 laeta
986 1523 1145 1579 iecepit
1170 1537 1338 1576 equum.

228 1591 291 1622 365
318 1589 409 1623 tum
433 1594 601 1634 quoque
626 1580 871 1635 temptanda
897 1588 978 1630 est,
1005 1595 1101 1622 eum
1127 1580 1285 1635 paelice
1310 1579 1423 1620 laesa
1450 1579 1627 1621 dolebit:

374 1646 464 1680 tum
490 1636 619 1678 facies
646 1651 792 1692 opera,
817 1653 869 1679 ne
896 1637 948 1679 sit
972 1637 1124 1687 inulta,
1150 1645 1235 1678 tua.

318 1703 419 1736 tunc
444 1694 671 1735 matutinos
697 1703 874 1760 pectens·
895 1694 1046 1736 ancilla
1072 1694 1245 1750 capillos

374 1751 520 1793 incitet
545 1758 585 1792 et
609 1751 702 1792 velo
727 1751 898 1806 remigis
925 1752 1050 1793 addat
1077 1767 1202 1807 opem

319 1816 360 1851 et
386 1823 529 1850 secum
554 1808 671 1849 tenui
696 1809 909 1863 suspirans
936 1824 1150 1850 murmure
1177 1809 1288 1850 dieat

228 1876 293 1907 370
377 1869 442 1906 ‘ut
466 1872 587 1919 puto,
612 1879 697 1905 non
721 1874 888 1919 poteras
914 1865 1005 1919 ipsa
1028 1866 1183 1907 referre
1210 1865 1372 1906 viee1n.’

317 1929 408 1963 tum
434 1921 485 1963 de
511 1929 551 1962 te
576 1929 736 1970 narret,
762 1929 852 1962 tum
878 1922 1172 1976 persuadentia
1201 1922 1328 1963 verba

375 1978 503 2019 addat
528 1986 569 2019 et
592 1977 740 2018 insano
765 1978 873 2019 iuret
899 1992 1039 2019 amore
1064 1979 1182 2019 mori.

318 2035 391 2076 sed
416 2049 614 2089 propera,
636 2050 689 2076 ne
716 2035 810 2075 vela
835 2035 987 2075 cadant
1012 2050 1222 2089 auraeque
1247 2035 1451 2077 residant:

373 2099 419 2132 ut
444 2091 604 2146 fragilis
630 2091 806 2146 glacies,
831 2091 971 2133 interit
997 2092 1058 2133 ira
1082 2107 1213 2133 mora.

227 2160 290 2191 375
317 2148 503 2203 quaeris,
529 2164 583 2189 an
608 2147 716 2189 hanc
739 2148 874 2203 ipsam
900 2149 1028 2203 prosit
1056 2149 1212 2190 violare
1237 2149 1498 2190 ministram?

373 2204 527 2246 talibus
553 2204 746 2246 admissis
772 2206 863 2246 alea
887 2205 1059 2259 grandis
1084 2206 1205 2247 inest.

316 2261 420 2304 haec
448 2277 473 2302 a
497 2261 724 2303 concubitu
749 2262 795 2303 fit
820 2262 984 2311 sedula,
1013 2263 1169 2303 tardior
1194 2263 1283 2311 illa3

373 2318 477 2360 haec
502 2318 696 2360 dominae
721 2334 874 2359 munus
901 2326 941 2360 te
966 2326 1104 2374 parat,
1129 2320 1201 2361 illa
1227 2320 1319 2361 sibi.

316 2390 437 2417 casus
462 2375 505 2416 in
531 2384 683 2417 eventu
710 2384 785 2417 est.
845 2376 940 2417 licet
966 2376 1034 2417 hic
1057 2376 1275 2431 indulgeat
1301 2376 1431 2417 ausis:

226 2444 290 2475 380
373 2432 593 2473 consilium
619 2440 760 2474 tamen
786 2440 846 2475 est
873 2433 1125 2475 abstinuisse
1151 2449 1304 2474 meum.

315 2504 399 2530 non
425 2504 504 2544 ego
530 2505 605 2544 per
629 2504 831 2554 praeceps
858 2498 898 2531 et
923 2499 1046 2531 acuta
1072 2491 1291 2532 cacumina
1316 2490 1407 2531 xad
1401 2506 1483 2539 ι,ιιιι

371 2561 449 2587 nec
473 2546 543 2587 iux
548 2561 673 2587 enum
698 2547 923 2600 quisquam
949 2562 1015 2588 me
1042 2548 1147 2589 duee
1174 2556 1319 2601 captus
1346 2547 1434 2588 erit.

316 2603 349 2642 si
375 2611 513 2645 tamen
538 2603 610 2643 illa
634 2603 730 2653 tibi,
758 2604 857 2644 dum
884 2604 920 2644 d
913 2612 955 2645 at
979 2604 1211 2659 recipitque
1237 2604 1425 2652 tabellas,

372 2673 566 2713 empore,
589 2674 674 2700 non
698 2667 861 2701 tantum
887 2661 1107 2702 sedulitate
1132 2661 1283 2715 placet,

224 2728 288 2759 385
315 2714 382 2756 fac
408 2715 578 2757 domina
602 2716 763 2771 potiare
788 2717 924 2771 prius3
951 2732 1089 2759 comes
1115 2717 1186 2758 illa
1211 2725 1428 2771 sequatur:
