1831 3168
439 244 784 280 REMEDIORL'M
809 242 1000 279 AMORIS
1025 243 1216 278 520—607.

200 326 297 368 huic
323 333 442 382 pater
467 333 563 368 ante
589 326 732 367 oculos
761 325 890 367 durus
916 325 1135 368 habendus
1161 325 1250 366 erit.

144 383 211 425 1110
236 383 345 424 male
371 383 513 424 dotata
539 398 699 438 pauper
724 397 819 424 cum
846 382 1026 438 coniuge
1052 382 1174 423 vivit:

201 454 377 481 uxorein
403 439 490 480 fato
517 439 659 481 credat
685 439 832 481 adesse
859 453 948 480 suo.

145 505 207 538 est
233 496 308 537 tibi
334 511 428 538 rure
456 496 566 537 bono
591 510 822 551 generosae
847 495 995 538 fertilis
1020 510 1129 537 uvae

202 553 353 594 vinea?
377 568 431 594 nc
456 568 633 594 nascens
659 562 755 594 usta
780 552 832 593 sit
857 567 959 601 uva,
986 552 1098 594 time.

145 610 214 652 ille
241 609 368 651 habet
394 610 437 650 in
462 610 598 651 reditu
623 610 784 651 navim:
811 624 926 651 mare
953 623 1118 663 semper
1142 608 1335 662 iniquum

203 667 359 722 cogitet
385 674 426 708 et
451 666 604 707 damno
629 667 750 707 litora
774 666 861 707 feta
887 680 975 706 suo.

146 724 255 764 filius
281 723 393 764 hunc
418 723 558 772 miles,
586 732 626 764 te
652 723 737 764 filia
762 722 918 763 nubilis
945 729 1086 776 angat.

204 790 244 821 et
269 781 363 834 quis
389 795 472 821 non
499 794 647 821 causas
673 779 785 821 mille
811 778 964 819 doloris
991 778 1143 819 habet?

146 848 189 878 ut
218 851 362 891 posses
389 837 525 878 odisse
551 845 687 885 tuam,
713 836 834 885 Pari,
859 835 1009 877 funera
1033 834 1213 875 fratrum

204 894 412 935 debueras
438 894 569 935 oculis
597 893 863 935 substituisse
888 892 999 933 tuis.'

146 951 269 1005 plura
294 950 564 1004 loquebatur:
592 950 804 1005 placidum
830 948 1001 1004 puerilis
1026 948 1168 1003 imago

205 1007 390 1049 destituit
418 1022 612 1048 somnum
636 1030 693 1035 -—
718 1007 752 1047 si
777 1006 902 1046 modo
928 1020 1100 1046 somnus
1127 1014 1227 1046 erat.

147 1065 250 1118 quid
275 1064 454 1105 faciam?
480 1064 618 1105 media
643 1063 784 1104 navim
809 1062 1038 1104 Palinurus
1064 1062 1107 1103 in
1132 1062 1248 1103 unda

205 1121 379 1170 deserit,
405 1120 571 1175 ignotas
597 1134 726 1175 cogor
749 1119 854 1161 inire
880 1119 983 1160 vias.

148 1178 337 1232 quisquis
365 1193 500 1226 amas,
526 1177 619 1218 loca
643 1177 733 1218 sola
756 1185 921 1217 nocent.
984 1176 1076 1217 loca
1102 1176 1191 1217 sola
1217 1175 1384 1218 caveto!

204 1249 288 1289 quo
314 1234 454 1289 fugis?
478 1234 520 1274 in
546 1234 703 1288 populo
729 1233 858 1274 tutior
882 1247 973 1275 esse
999 1242 1133 1288 potes.

147 1306 232 1333 11011
257 1291 332 1332 tibi
359 1291 529 1332 secretis
555 1314 610 1319 —
636 1298 795 1344 augent
820 1299 980 1331 secreta
1005 1290 1169 1331 furores
1194 1313 1251 1318 ——

205 1356 268 1390 est
294 1362 419 1403 opus:
447 1347 603 1388 auxilio
629 1347 754 1388 turba
779 1347 922 1388 futura
947 1347 1023 1387 tibi
1049 1354 1124 1388 est.

148 1405 276 1446 tristis
304 1405 406 1453 eris,
432 1404 467 1445 si
492 1404 605 1445 solus
632 1404 731 1452 eris,
758 1404 1038 1458 dominaeque
1063 1403 1233 1445 relictae

205 1470 301 1503 ante
327 1462 471 1503 oculos
496 1460 626 1502 facies
652 1460 798 1510 stabit,
824 1468 869 1502 ut
894 1461 1006 1516 ipsa,
1032 1468 1140 1501 tuos.

151 1518 306 1559 tristior
330 1518 486 1559 idcirco
512 1532 596 1559 nox
622 1526 703 1567 est,
729 1532 857 1571 quam
884 1526 1073 1572 tempora
1097 1516 1283 1558 Phoebi:

207 1589 316 1628 quae
341 1575 498 1616 relevet
522 1575 683 1623 luctus,
710 1574 834 1615 turba
859 1574 1013 1615 sodalis
1041 1574 1172 1616 abest.

151 1646 228 1674 1100
254 1632 356 1686 fuge
382 1631 665 1684 conloquium,
691 1645 769 1671 nec
795 1631 847 1671 sit
871 1631 947 1671 tibi
971 1631 1099 1671 ianua
1124 1631 1280 1679 clausa,

208 1703 287 1730 1100
312 1688 496 1729 tenebris
522 1687 665 1728 vultus
690 1687 840 1728 flebilis
867 1687 974 1728 abde
1000 1694 1108 1728 tuos.

151 1760 317 1800 semper
342 1744 450 1786 habe
475 1744 670 1809 Pyladen
696 1744 898 1797 aliquem,
924 1743 996 1797 qui
1022 1751 1140 1786 curet
1165 1741 1381 1785 Orestem:

207 1802 275 1843 1110
301 1815 469 1866 quoque
495 1801 703 1842 amicitiae
728 1814 813 1841 non
838 1800 942 1842 levis
967 1816 1069 1842 usus
1096 1800 1186 1842 erit.

150 1859 252 1913 quid
277 1859 357 1899 nisi
384 1866 568 1900 secretae
593 1858 805 1899 laeserunt
829 1857 1031 1912 Phyllida
1056 1857 1211 1899 silvae?

208 1924 321 1957 certa
344 1914 459 1956 necis
486 1929 614 1955 causa
639 1922 719 1955 est:
746 1914 989 1955 incomitata
1014 1914 1106 1954 fuit.

150 1972 257 2020 ibat,
283 1979 330 2012 ut
354 1971 506 2012 Edono
532 1971 719 2012 referens
744 1971 954 2012 trieterica
979 1970 1151 2012 Baccho

206 2030 266 2071 ire
293 2028 398 2070 solet
423 2028 528 2069 fusis
553 2028 735 2069 barbara
760 2027 885 2069 turba
910 2027 1054 2075 comis,

151 2094 191 2127 ot
216 2086 356 2133 modo,
383 2099 468 2139 qua
492 2093 675 2140 poterat,
701 2085 877 2139 longum
903 2084 1121 2140 spectabat
1146 2083 1191 2125 in
1217 2098 1388 2138 aequor,

207 2157 320 2184 1111110
346 2143 390 2183 111
416 2141 624 2183 harenosa
647 2141 760 2182 lassa
784 2141 950 2183 iacebat
974 2141 1118 2182 humo.

152 2199 331 2254 ‘perfide
356 2197 681 2252 Demophoonl’
721 2198 870 2239 surdas
895 2198 1107 2239 clamabat
1132 2197 1187 2238 ad
1210 2197 1361 2245 undas,

208 2265 417 2310 ruptaque
443 2255 630 2308 singultu
656 2254 786 2295 verba
810 2255 1021 2307 loquentis
1047 2263 1179 2296 erant.

151 2313 272 2354 limes
299 2320 389 2354 erat
413 2312 552 2352 tenuis
576 2311 704 2365 longo
731 2310 982 2351 subnubilus
1008 2311 1173 2359 umbra,

210 2384 295 2423 qua
319 2368 415 2410 tulit
438 2368 510 2408 illa
535 2382 633 2408 suos
660 2367 713 2408 ad
738 2382 852 2408 mare
879 2382 1004 2422 saepe
1030 2367 1172 2422 pedes.

153 2441 265 2467 nona
289 2425 504 2467 terebatur
527 2424 704 2465 miserae
730 2424 811 2465 xia.
872 2423 1082 2466 ‘viderit''
1107 2424 1244 2478 inquit

213 2493 251 2524 et
279 2490 440 2538 spectat
465 2495 614 2522 zonam
641 2480 798 2535 pallida
822 2479 936 2522 facta
960 2496 1094 2529 suam,

154 2539 309 2604 aspicit
327 2546 368 2580 et
392 2552 544 2579 ramos.
606 2537 770 2578 dubitat
794 2537 1053 2592 refugitque,
1079 2537 1195 2591 quod
1220 2537 1359 2586 audet,

216 2604 254 2637 et
281 2595 401 2636 timet
425 2602 466 2636 et
492 2594 645 2649 digitos
672 2594 726 2635 ad
751 2609 828 2635 sua
853 2595 960 2635 colla
984 2594 1124 2636 refert.

161 2652 346 2700 Simoni,
372 2660 473 2693 tunc
499 2660 609 2693 certe
636 2651 786 2692 vellem
810 2665 895 2691 non
921 2651 1010 2692 sola
1035 2651 1206 2692 fuisses:

215 2723 300 2749 non
324 2708 465 2750 flesset
489 2708 636 2763 positis
660 2706 860 2772 Phyllida
885 2707 991 2749 silva
1016 2708 1160 2749 comis.

158 2765 368 2820 Phyllidis
394 2765 587 2821 exemplo
611 2764 787 2806 nimium
814 2773 974 2806 secreta
1000 2765 1156 2815 timete,

231 2832 307 2860 υκαι
320 2832 366 2858 coz.
381 2831 405 2858 I.
1259 2830 1303 2864 14

1432 234 1515 276 209

1544 394 1609 424 565

1546 959 1611 989 575

1548 1245 1615 1276 530

1552 1814 1618 1845 590

1554 2097 1619 2127 595

1556 2380 1622 2411 600

1556 2664 1621 2694 605
