1831 3168
572 631 1069 686 HEROIDES.

803 822 838 863 Ι.

139 942 265 982 Hanc
289 946 363 980 tua
386 936 602 991 Penelope
628 935 739 977 lento
764 934 839 976 tibi
864 934 1010 983 mittit,
1035 933 1183 975 Ulixe:

197 996 254 1037 nil
278 994 381 1036 mihi
404 993 629 1041 rescribas,
656 1001 698 1034 at
722 1000 863 1033 tamen
888 991 978 1046 ipse
1003 991 1112 1032 veni.

140 1053 269 1094 Troia
292 1051 402 1092 iacet
428 1058 552 1098 certe,
578 1049 741 1090 Danais
768 1048 902 1089 invisa
927 1048 1090 1102 puellis.

199 1110 271 1150 vix
294 1108 492 1149 Priamus
518 1106 623 1147 tanti
647 1114 819 1159 totaque
844 1105 974 1146 Troia
998 1104 1090 1145 suit.

143 1181 166 1208 o
193 1165 355 1207 utinam
380 1172 490 1212 tum,
516 1178 612 1204 cum
637 1162 964 1204 Lacedaemona
990 1162 1122 1202 classe
1146 1159 1329 1216 petebat,

199 1220 409 1264 obrutus
399 1219 556 1261 insanis
582 1227 691 1261 esset
717 1219 881 1260 adulter
906 1217 1045 1272 aquis!

142 1293 226 1321 non
252 1292 331 1333 ego
357 1276 558 1319 deser‘to
547 1276 771 1318 iacuissem
797 1276 952 1331 frigida
976 1275 1098 1324 lecto,

199 1350 284 1377 non
309 1348 507 1388 quererer
531 1333 708 1374 tardos
698 1348 757 1374 1re
782 1333 928 1374 ielicta
953 1332 1055 1381 dies,

144 1407 223 1435 nec
247 1391 350 1433 mihi
374 1390 592 1445 quaerenti
618 1390 845 1445 spatiosam
869 1389 1014 1430 fallere
1040 1395 1207 1430 noctem

201 1450 396 1491 lassasset
421 1447 571 1488 viduas
596 1446 781 1502 pendula
806 1447 888 1488 tela
912 1461 1075 1487 manus.

145 1505 314 1560 quando
340 1518 419 1559 ego
444 1518 529 1544 non
553 1503 674 1544 timui
698 1502 893 1559 graviora
918 1502 1106 1558 pericula
1130 1501 1267 1543 veris?

202 1577 267 1603 res
293 1568 355 1603 est
381 1560 545 1602 solliciti
569 1539 724 1615 pleni?
719 1560 879 1601 timoris
906 1574 1035 1600 amor.

146 1620 188 1661 in
213 1628 253 1660 te
277 1617 491 1673 fingebam
516 1617 721 1658 violentos
747 1616 882 1656 Troas
907 1616 1053 1664 ituros,

202 1675 371 1716 nomine
395 1674 439 1714 in
464 1674 676 1714 Hectoreo
701 1673 858 1728 pallida
883 1687 1048 1727 semper
1073 1686 1200 1712 er.am

147 1733 235 1773 sive
261 1730 355 1785 quis
380 1730 656 1771 Antilochum
681 1729 878 1770 narrabat
903 1729 956 1770 ab
982 1730 1166 1769 Hectore
1191 1727 1362 1776 victum,

203 1786 457 1829 Antilochus
481 1786 612 1827 nostri
639 1801 766 1828 causa
790 1786 949 1826 timoris
977 1794 1082 1827 erat:

148 1845 256 1894 sive,
280 1844 582 1885 Menoetiaden
607 1843 723 1884 falsis
749 1842 949 1884 cecidisse
975 1841 1053 1882 sub
1079 1841 1219 1890 armis,

202 1901 356 1943 flebam
382 1914 579 1941 successu
603 1914 727 1954 posse
753 1914 894 1940 carere
919 1899 1049 1939 dolos.

149 1958 354 2012 sanguine
378 1957 650 2011 Tlepolemus
676 1956 856 2010 Lyciam
882 1955 1138 2010 tepefecerat
1162 1954 1348 1995 hastam:

203 1995 439 2069 Tlepolemi
462 2014 545 2054 leto
571 2027 672 2054 cura
695 2021 850 2053 novata
874 2028 969 2054 mea
994 2020 1068 2054 est.

149 2071 350 2125 denique,
377 2070 567 2125 quisquis
594 2077 683 2111 erat
708 2070 854 2110 castris
879 2070 1094 2124 iugulatus
1126 2067 1317 2116 Achivis,

204 2127 398 2182 frigidius
424 2126 560 2182 glacie
585 2134 731 2181 pectus
758 2126 936 2167 amantis
963 2133 1064 2167 erat.

149 2185 222 2226 sed
248 2184 355 2225 bene
380 2183 590 2225 consuluit
615 2190 728 2224 casto
755 2183 857 2224 deus
884 2197 1043 2236 aequus
1069 2181 1214 2223 amori.

205 2255 327 2282 versa
351 2247 413 2281 est
436 2242 480 2280 in
505 2239 665 2281 cineres
692 2240 846 2294 sospite
872 2239 1001 2280 Troia
1026 2239 1128 2279 viro.

150 2297 339 2352 Argolici
364 2296 525 2338 rediere
550 2297 693 2345 duces,
720 2296 868 2337 altaria
891 2296 1070 2343 fumant,

206 2354 375 2408 ponitur
399 2353 452 2394 ad
477 2353 633 2408 patrios
658 2353 838 2394 baibara
863 2352 1021 2407 praeda
1045 2352 1159 2393 deos.

151 2418 272 2465 grata
295 2410 434 2451 ferunt
458 2409 670 2464 nymphae
695 2423 770 2464 pro
796 2409 923 2450 salvis
950 2409 1060 2449 dona
1084 2407 1264 2448 maritis:

209 2466 268 2506 illi
293 2466 403 2506 victa
428 2466 514 2506 suis
539 2465 693 2506 Troica
717 2465 804 2506 fata
830 2473 999 2505 canunt.

150 2522 355 2563 mirantur
379 2521 560 2575 iustique
585 2536 706 2562 senes
732 2521 1002 2576 trepidaeque
1027 2521 1211 2585 puellae·

208 2578 413 2619 narrantis
440 2579 621 2619 coniunx
645 2577 799 2632 pendet
826 2577 878 2618 ab
903 2591 974 2619 ore
999 2577 1090 2618 viri.

152 2643 278 2690 atque
303 2634 453 2700 aliquis
478 2635 613 2700 posita
636 2642 840 2675 monstrat
864 2634 954 2675 fera
978 2633 1136 2689 praelia
1160 2647 1308 2675 mensa

208 2691 345 2747 pingit
370 2699 410 2733 et
436 2692 590 2746 exiguo
614 2691 827 2746 Pergama
852 2697 939 2732 tota
964 2704 1098 2732 mero:

153 2747 251 2789 ‘hac
275 2749 363 2789 ibat
389 2747 557 2798 Simois,
583 2748 662 2789 hac
688 2755 751 2789 est
776 2746 921 2803 Sigeia
946 2747 1083 2797 tellus,

223 2814 298 2842 omar
315 2814 364 2842 tol.
377 2814 401 2841 Ι.
1266 2813 1286 2847 1

1362 875 1596 919 Epistulae.

1430 943 1601 985 Penelope

1457 988 1489 1021 ζ’
1491 988 1560 1021 lem.

1535 1457 1576 1487 10

1539 1740 1579 1770 15

1538 2589 1580 2619 30
