1831 3168
524 253 798 291 HEROIDUM
822 254 925 291 XVI.
954 254 1147 289 110-197.
1468 246 1521 288 61

211 343 272 377 est
297 334 395 376 data
419 335 610 385 libertas,
636 335 749 389 quod
774 334 999 378 Menelaus
1024 335 1155 378 abest.

152 391 220 433 ille
246 391 415 444 quidem
441 392 587 446 procul
613 400 694 440 est,
719 392 778 434 ita
801 408 846 434 re
871 401 1066 448 cogente,
1087 391 1326 458 profectus:

210 463 365 502 magna
390 448 469 490 fuit
496 448 659 491 subitae
685 449 879 503 iustaque
905 464 1033 491 causa
1057 464 1164 491 vlae.

153 512 223 545 aut
252 505 353 545 mihi
379 505 438 547 sic
464 505 601 546 visum
627 514 702 547 est.
763 520 862 560 eg0‚
889 521 985 547 cum
1012 506 1223 549 dubitaret
1247 521 1300 547 an
1326 505 1419 556 iret,

211 566 357 615 ‘quam
385 562 583 617 primum'
611 562 697 603 dixi
724 563 810 603 ‘fac
835 563 1044 604 rediturus
1071 563 1168 604 eas?

153 618 290 659 omine
316 619 494 660 laetatus
520 618 634 660 dedit
660 619 822 666 oscula,
849 619 1042 672 ‘res'que
1069 620 1324 674 ‘domusque

210 685 249 716 et
275 674 350 715 tibi
376 675 428 716 sit
453 690 577 716 curae
603 674 782 716 Troicus
807 675 978 729 hospes’
1007 676 1077 716 ait.

154 731 222 772 vix
250 731 364 772 tenui
390 732 538 779 risum3
565 746 692 784 quem
717 731 819 771 dum
845 746 1111 785 compescere
1136 732 1283 782 luctor,

212 787 268 828 nil
293 787 352 828 illi
378 787 493 842 potui
519 787 657 828 dicere
682 794 850 842 praeter
875 787 997 828 ‘erit.'

153 844 246 886 vela
271 844 442 896 quidem
469 841 625 884 Creten
651 843 787 884 ventis
814 843 928 885 dedit
952 843 1021 884 ille
1048 844 1265 886 secundis:

210 900 283 942 sed
310 910 354 941 tu
378 914 463 941 non
489 899 594 941 adeo
620 907 771 942 cuncta
796 900 920 942 licere
947 899 1065 955 putal

154 957 212 998 sic
238 972 356 998 meus
382 956 479 998 hinc
505 957 569 998 vir
593 957 732 1005 abest,
758 965 805 998 ut
828 971 895 999 me
921 957 1129 998 custodiat
1156 956 1321 999 absens.

211 1029 264 1054 an
288 1014 424 1055 nescis
449 1013 598 1069 longas
623 1014 793 1068 regibus
820 1029 910 1056 esse
936 1014 1112 1055 manus?

152 1070 266 1111 falna
291 1084 460 1124 quoque
486 1080 548 1112 est
573 1071 702 1112 oneri.
761 1086 859 1112 nam
886 1085 970 1124 quo
997 1070 1260 1112 constantius
1286 1085 1356 1113 ore

208 1127 432 1168 laudamur
456 1136 615 1176 vestro,
641 1127 791 1169 iustius
816 1127 885 1169 ille
910 1127 1042 1170 timet.

153 1198 261 1238 quae
286 1184 422 1233 iuvat,
448 1192 493 1225 ut
517 1199 630 1225 nunc
654 1192 736 1233 est,
763 1184 910 1226 eadem
935 1185 1037 1225 mihi
1062 1184 1197 1240 gloria
1223 1184 1377 1226 damno
1403 1191 1477 1233 est,

211 1249 250 1282 et
276 1241 425 1282 melius
451 1241 590 1282 famae
616 1241 745 1282 verba
770 1241 936 1283 dedisse
961 1241 1054 1283 fuit.

152 1312 248 1345 nec,
275 1297 389 1351 quod
415 1297 552 1346 abest,
578 1297 646 1339 hic
670 1313 738 1339 me
763 1305 903 1340 tecum
928 1298 1080 1340 mirare
1105 1298 1315 1341 relictam:

210 1354 397 1395 moribus
423 1364 464 1396 et
489 1355 600 1396 vitae
627 1355 803 1396 credidit
827 1355 897 1396 ille
921 1370 1054 1397 meae.

154 1411 204 1452 de
231 1411 339 1453 facie
362 1411 531 1460 metuit,
558 1411 669 1453 vitae
695 1411 865 1453 confidit
875 1428 886 1461 3
913 1420 953 1453 et
977 1413 1097 1453 illurn

211 1482 407 1510 securum
432 1468 639 1523 probitas,
665 1468 801 1510 forma
827 1469 973 1511 timere
998 1469 1111 1511 facit.

153 1533 342 1580 tempora
366 1540 418 1566 ne
444 1534 618 1580 pereant
642 1526 752 1567 ultro
779 1526 897 1575 data,
924 1526 1151 1581 praecipis,
1177 1533 1308 1581 utque

210 1582 409 1636 simplicis
435 1589 605 1623 utamur
631 1583 927 1625 commoditate
953 1583 1044 1624 viri.

153 1646 193 1680 et
217 1638 319 1680 libet
344 1647 385 1680 et
409 1638 555 1680 timeo:
582 1653 660 1680 nec
686 1639 824 1680 adhuc
850 1647 998 1681 exacta
1022 1639 1217 1680 voluntas

210 1703 272 1737 est
297 1695 416 1736 satis:
443 1695 486 1736 in
511 1695 639 1736 dubio
665 1704 836 1750 pectora
861 1704 1004 1737 nostra
1028 1695 1186 1737 labant.

154 1759 193 1794 et
218 1752 282 1792 vir
307 1751 426 1793 abest
450 1751 591 1801 nobis,
619 1760 660 1793 et
685 1761 730 1793 tu
755 1752 845 1794 sine
871 1753 1050 1808 coniuge
1077 1751 1255 1793 dormis:

209 1809 337 1862 inque
362 1808 498 1850 vicem
522 1816 595 1850 tua
619 1824 705 1858 me,
731 1816 772 1850 te
796 1824 891 1851 mea
915 1809 1052 1851 forma
1077 1809 1208 1864 capit:

154 1873 193 1907 et
217 1865 370 1920 longae
394 1876 557 1907 noctes:
584 1873 625 1907 et
649 1865 734 1907 iam
760 1880 952 1908 sermone
977 1866 1157 1907 coimus:

211 1930 251 1964 et
276 1931 322 1963 tu
346 1946 403 1951 —
428 1937 495 1964 me
520 1921 735 1963 miseram!
761 1946 818 1952 —-
843 1923 1042 1971 blandus,
1068 1930 1108 1964 et
1134 1937 1220 1964 una
1245 1921 1415 1964 domus:

154 1989 194 2021 et
218 1994 407 2034 peream,
434 1979 468 2020 si
493 1993 578 2020 non
602 1979 781 2020 invitant
806 1979 946 2021 omnia
972 1979 1154 2036 culp-am.

211 2035 351 2078 nescio
377 2050 461 2090 quo
486 2036 629 2077 tardor
653 2036 727 2077 sed
753 2044 893 2078 tamen
918 2036 1011 2091 ipsa
1035 2043 1164 2078 metu.

155 2093 267 2147 quod
292 2092 400 2134 male
426 2093 675 2147 persuades,
701 2093 862 2134 utinam
887 2093 994 2135 bene
1021 2107 1171 2148 cogere
1197 2092 1364 2148 posses!

212 2150 253 2190 vi
277 2164 372 2191 mea
396 2149 606 2191 rusticitas
633 2150 886 2192 excutienda
910 2150 1002 2191 fuit.

158 2206 269 2247 utilis
295 2206 507 2248 interdum
533 2214 594 2248 est
619 2206 721 2261 ipsis
746 2207 899 2248 iniuria
923 2207 1078 2262 passis:

213 2263 271 2304 sic
297 2270 407 2304 certe
432 2263 533 2305 felix
559 2278 650 2305 esse
676 2273 821 2305 coacta
846 2263 993 2305 forem.

157 2319 258 2360 dum
282 2334 416 2360 novus
444 2328 525 2368 est,
549 2320 688 2375 potius
714 2328 864 2374 coepto
890 2335 1130 2375 pugnemus
1156 2318 1308 2361 amori!

212 2377 382 2417 flamma
405 2390 550 2417 recens
576 2391 707 2431 parva
732 2392 877 2431 sparsa
900 2376 1056 2418 resedit
1082 2390 1205 2430 aqua.

158 2443 295 2474 certus
320 2432 362 2473 in
387 2431 621 2486 hospitibus
647 2447 732 2473 non
757 2441 819 2474 est
844 2447 979 2474 amor:
1006 2440 1117 2474 errat
1140 2440 1188 2474 ut
1212 2432 1312 2487 ipsi:

216 2502 395 2542 cumque
419 2488 521 2529 nihil
547 2504 689 2543 speres
714 2489 874 2530 firmius
901 2504 1010 2538 esse,
1037 2489 1160 2544 fugit.

157 2545 399 2600 Hypsipyle
425 2545 560 2593 testis,
586 2546 703 2586 testis
728 2545 894 2587 Minoia
917 2546 1037 2601 virgo
1063 2554 1139 2596 est,

214 2602 256 2643 in
281 2617 366 2643 non
391 2601 587 2643 exhibitis
613 2610 792 2656 utraque
816 2603 909 2644 lusa
934 2603 1047 2644 toris.

158 2666 203 2700 tu
229 2673 396 2712 quoque
423 2659 617 2700 dilectam
642 2659 816 2709 multos,
840 2659 987 2709 infide,
1013 2674 1088 2715 per
1113 2673 1244 2701 annos

216 2716 366 2758 diceris
392 2714 601 2757 Oenonen
626 2716 861 2758 destituisse
887 2723 1023 2758 tuam:

158 2787 235 2814 nec
262 2780 402 2814 tamen
426 2773 515 2828 ipse
540 2788 684 2829 negas.
746 2782 785 2815 et
810 2773 931 2815 nobis
958 2772 1099 2815 omnia
1124 2772 1176 2815 de
1199 2781 1242 2816 te

1550 407 1616 438 155

1551 690 1617 720 1030

1552 1256 1618 1286 170

1553 1539 1619 1569 175

1553 1821 1621 1852 180

1556 2105 1621 2136 185

1555 2388 1622 2420 190

1555 2672 1622 2704 195
