1831 3168
422 220 575 257 ARTIS
600 221 907 258 AMATORIAE
934 220 1029 256 LIB.
1057 219 1105 254 II.
1133 219 1325 256 446-533.

246 304 315 344 illa
343 302 420 344 feri
446 303 635 356 requiem
661 303 750 345 sola
776 303 929 344 doloris
956 303 1126 351 habent,

189 361 264 402 illa
290 359 570 401 Machaonios
596 369 794 416 superant
821 360 1101 402 medicamina
1126 373 1266 400 sucos:

250 417 332 463 his,
359 417 433 458 ubi
458 418 666 472 peccaris,
693 417 975 459 restituendus
1002 418 1095 458 eris.
1121 439 1177 445 —

189 474 292 515 hacc
318 487 396 528 ego
422 488 516 515 cum
544 488 757 523 canerem,
785 474 923 515 subito
949 474 1196 515 manifestus
1222 473 1379 529 Apollo

246 531 377 571 movit
402 531 619 572 inauratae
645 531 796 586 pollice
822 531 892 572 fila
916 531 1046 586 lyrae.

188 589 230 629 in
255 588 450 628 manibus
475 588 638 635 laurus,
666 588 794 629 sacris
820 588 968 628 induta
994 587 1156 642 capillis

246 645 389 685 laurus
416 653 517 686 erat.
578 653 695 686 vates
721 645 789 686 ille
816 644 1023 686 videndus
1049 644 1149 699 agit.

188 702 221 742 is
249 701 351 742 mihi
377 701 560 742 ‘lascivi'
589 702 693 742 dixit
718 706 986 756 ‘praeceptor
1010 701 1196 748 Amoris,

247 759 346 805 duc,
373 773 471 812 age,
498 758 726 813 discipulos
752 758 804 799 ad
829 773 924 800 mea
948 758 1105 812 templa
1130 764 1239 805 tuos,

189 826 248 856 cst
275 815 348 856 ubi
375 816 587 856 diversum
614 815 728 856 fama
753 815 964 856 celebrata
989 829 1064 870 per
1089 814 1234 854 orbem

246 872 401 920 littera,
429 873 627 927 cognosci
652 886 760 926 quae
787 872 866 913 sibi
891 885 1102 925 quemque
1127 870 1256 912 iubet.

189 929 260 982 qui
288 929 365 969 sibi
391 938 516 970 notus
543 930 638 977 erit,
666 929 778 970 solus
804 929 1016 984 sapienter
1040 927 1199 969 amabit

246 996 372 1040 atque
398 1000 504 1041 opus
531 986 585 1027 ad
610 986 719 1027 vires
745 986 885 1041 exiget
911 1000 1034 1026 omne
1061 1000 1171 1026 suas.

190 1043 256 1084 cui
282 1043 433 1084 faciem
458 1051 609 1084 natura
634 1043 767 1092 dedit,
793 1051 1006 1097 spectetur
1031 1042 1084 1082 ab
1109 1042 1199 1083 illa:

247 1100 314 1141 eui
340 1100 454 1141 color
479 1108 560 1148 est,
586 1114 732 1141 umero
759 1114 884 1155 saepe
909 1107 1079 1155 patente
1106 1099 1251 1140 cubet:

189 1158 260 1210 qui
287 1171 478 1199 sermone
504 1157 660 1212 placet,
686 1156 894 1198 taciturna
919 1156 1083 1198 silentia
1108 1156 1228 1197 vitet:

247 1214 318 1267 qui
345 1214 455 1255 canit
482 1221 589 1262 arte,
616 1221 756 1255 canat:
784 1214 857 1267 qui
884 1213 989 1254 bibit
1015 1222 1122 1261 arte,
1148 1213 1278 1254 bibat.

189 1271 263 1312 sed
288 1284 425 1324 neque
452 1271 687 1312 declament
711 1271 850 1312 medio
877 1285 1068 1312 sermone
1095 1270 1253 1319 diserti,

244 1341 321 1369 nec
348 1342 424 1368 sua
448 1342 532 1368 non
558 1342 685 1369 sanus
711 1328 867 1383 scripta
892 1336 1018 1383 poeta
1043 1326 1194 1383 legatl'

189 1385 247 1426 sic
272 1384 435 1426 monuit
459 1384 679 1426 Phoebus:
706 1385 883 1426 Phoebo
909 1392 1052 1440 parete
1077 1385 1278 1426 monenti.

246 1450 359 1483 certa
384 1441 451 1483 dei
477 1456 595 1483 sacro
622 1450 684 1484 est
710 1442 833 1483 huius
858 1443 900 1483 in
927 1457 997 1484 ore
1023 1442 1140 1484 fides.
1165 1466 1223 1471 —

190 1498 242 1539 ad
267 1498 464 1554 propiora
488 1512 627 1540 vocor.
688 1499 878 1554 quisquis
904 1500 1116 1554 sapienter
1139 1498 1311 1548 amabit,

247 1556 383 1596 vincet
410 1563 450 1596 et
475 1570 497 1596 e
522 1564 684 1605 nostra,
710 1557 824 1610 quod
848 1564 982 1611 petet,
1009 1564 1096 1597 arte
1122 1555 1241 1597 feret.

192 1612 350 1653 credita
374 1626 459 1653 non
484 1627 649 1667 semper
674 1613 778 1654 sulci
804 1627 901 1654 cum
926 1613 1098 1654 foenore
1123 1613 1318 1662 reddunt,

245 1683 323 1710 nec
349 1684 515 1724 semper
539 1669 689 1710 dubias
715 1670 887 1711 adiuvat
913 1685 1014 1711 aura
1039 1678 1162 1711 rates.

190 1726 303 1781 quod
328 1726 463 1775 iuvat,
491 1726 711 1781 exiguum:
738 1727 833 1782 plus
860 1735 941 1776 est,
967 1727 1081 1781 quod
1105 1726 1244 1768 laedat
1272 1735 1473 1768 amantes.

248 1790 484 1838 proponant
511 1783 649 1824 animo
676 1784 808 1825 multa
833 1783 1008 1826 ferenda
1034 1798 1122 1825 suo.

189 1849 289 1893 quot
314 1841 478 1895 lepores
503 1840 544 1880 in
574 1840 707 1888 Atho,
734 1848 837 1894 quot
862 1856 962 1896 apes
987 1849 1220 1896 pascuntur
1243 1840 1287 1882 in
1311 1841 1470 1895 Hybla,

249 1897 418 1938 caerula
443 1904 544 1950 quot
570 1897 696 1938 bacas
721 1897 909 1939 Palladis
936 1899 1061 1939 arbor
1085 1897 1226 1946 habet,

187 1953 307 1995 litore
333 1961 435 2008 quot
461 1953 663 2003 conchae,
690 1962 751 1996 tot
777 1963 873 1996 sunt
898 1955 941 1996 in
968 1969 1110 1996 amore
1136 1955 1313 1997 dolores.

246 2024 353 2065 quae
379 2010 575 2066 patimur,
600 2012 733 2053 multo
760 2011 922 2067 spicula
946 2012 1044 2054 felle
1069 2012 1253 2053 madent.

190 2067 301 2108 dicta
326 2068 404 2109 erit
428 2068 510 2110 isse
536 2067 668 2117 foras,
695 2083 824 2122 quom
850 2078 896 2110 tu
921 2069 1100 2111 fortasse
1126 2069 1308 2111 videres:

246 2125 327 2166 isse
353 2124 485 2173 foras,
512 2132 553 2166 et
577 2133 617 2167 te
643 2126 750 2167 falsa
774 2126 917 2168 videre
942 2134 1057 2182 puta.

189 2181 332 2222 clausa
356 2181 432 2221 tibi
457 2181 584 2223 fuerit
609 2183 816 2237 promissa
840 2183 966 2224 ianua
991 2191 1132 2224 noete:

246 2237 386 2292 perfer
411 2245 450 2279 et
475 2238 680 2279 inmunda
705 2254 860 2293 ponere
887 2254 1039 2294 eorpus
1064 2239 1207 2280 humo.

189 2294 364 2335 forsitan
390 2302 431 2335 et
454 2295 573 2336 vultu
603 2296 787 2336 mendax
813 2296 964 2337 ancilla
990 2296 1172 2351 superbo

247 2351 358 2392 dicet
383 2350 504 2404 ‘quid
528 2359 692 2393 nostras
719 2352 883 2394 obsidet
907 2353 984 2394 iste
1010 2352 1165 2394 fores?

189 2408 380 2463 postibus
407 2415 446 2449 et
472 2407 601 2449 durae
627 2409 806 2463 supplex
831 2409 1021 2451 blandire
1047 2409 1212 2464 puellae

247 2472 286 2505 et
313 2464 439 2519 capiti
464 2464 655 2520 demptas
680 2466 724 2506 in
749 2466 838 2508 fore
862 2481 971 2522 pone
996 2480 1125 2507 rosas.

192 2536 287 2562 cum
314 2522 444 2570 volet,
471 2521 664 2563 accedes:
691 2536 788 2563 cum
813 2531 853 2564 te
880 2523 1049 2571 vitabit,
1076 2523 1224 2564 abibis.

249 2578 423 2620 dedecet
446 2577 653 2633 ingenuos
679 2580 819 2621 taedia
842 2579 951 2622 ferre
978 2581 1055 2622 sui.

191 2634 400 2691 ‘effugere
424 2634 537 2676 hunc
561 2650 646 2677 non
671 2636 766 2685 est‚'
792 2651 894 2678 cave
918 2652 971 2679 ne
997 2636 1073 2678 tibi
1098 2637 1230 2692 possit
1255 2638 1391 2679 amica

249 2692 404 2733 dicere:
430 2706 515 2733 non
539 2692 654 2734 omni
678 2700 866 2749 tempore
892 2708 1038 2736 sensus
1065 2695 1195 2736 adest.

191 2763 269 2790 nec
294 2748 519 2800 maledicta
542 2758 645 2805 puta
669 2765 748 2792 nec
773 2751 950 2792 verbera
975 2751 1084 2793 ferre
1109 2751 1275 2807 puellae

1479 212 1559 254 171

1588 318 1658 348 490

1589 885 1658 914 500

1589 1170 1656 1199 2307>

1589 1456 1657 1485 510

1588 1741 1655 1771 515

1590 2026 1658 2057 520

1588 2595 1657 2626 530
