1831 3168
480 243 1114 281 1113R01DUMXV111.60—147

196 329 325 382 fitque
350 341 485 368 novus
511 327 639 367 nostri
666 326 757 367 finis
784 325 936 366 amoris
962 339 1091 366 amor.

141 385 182 427 a.
221 385 358 440 potius
383 398 572 438 peream,
598 398 724 437 quam
751 382 922 423 crimine
948 382 1142 423 vulnerer
1166 380 1265 422 isto:

199 442 368 494 famique
395 440 475 481 siut
501 440 624 494 culpa
649 448 790 480 nostra
814 438 954 503 priora
979 449 1064 479 tua.

141 513 238 546 nec,
264 497 363 551 quia
387 496 551 538 venturi
577 496 739 537 dederis
764 495 865 536 mihi
892 495 1013 549 sIgna
1038 494 1204 543 doloris,

199 554 302 595 haec
328 554 488 607 loquor,
514 559 587 593 aut
611 552 725 593 fama
750 551 971 592 sollicitata
995 566 1123 592 nova:

146 611 284 651 omnia
310 610 382 651 sed
408 623 567 651 v·e1eor.
629 609 722 661 quis
748 608 858 649 enim
885 622 1056 648 securus
1083 607 1262 649 amavit?

201 667 312 722 cogit
338 674 377 707 et
403 666 597 707 absentes
622 665 743 719 plura
768 664 913 704 timere
938 664 1068 704 locus.

146 723 287 764 scliccs
312 723 426 770 illas,
452 736 529 762 sua
553 735 657 774 quas
683 720 919 774 praesentia
943 733 1065 760 nosse

203 779 376 820 crimina
401 793 500 819 vera
523 777 658 825 iubet,
684 776 791 816 f·als2
816 776 961 816 timere
987 784 1114 816 vetat.

145 850 221 876 nos
247 845 331 876 tam
357 849 465 875 vana
490 840 631 874 movet
656 846 783 886 quam
808 831 955 872 facta·
945 831 1096 872 miuria
1121 832 1241 880 fallit,

201 891 345 932 incitat
371 899 408 931 et
435 904 598 930 morsus
624 902 739 930 error
762 896 938 941 uterque
963 902 1099 942 pares.

145 963 169 988 o
194 948 354 989 utinam
378 945 541 988 venias!
580 954 651 986 aut
677 954 722 986 ut
747 952 950 986 ventusve
975 952 1160 999 paterve,

203 1017 414 1057 causaque
440 1003 491 1044 sit
517 1010 628 1044 certe
652 1001 810 1043 femina
834 1001 949 1041 nulla
974 1001 1134 1043 morae!

146 1060 295 1115 quodsi
321 1074 449 1114 quam
475 1059 625 1108 sciero,
650 1058 804 1099 moriar
828 1057 949 1110 (mihi
975 1058 1118 1113 crede)
1144 1057 1338 1099 dolendo.

201 1117 448 1158 iamdudum
474 1130 621 1171 pecca,
647 1115 681 1156 si
705 1130 800 1156 mea
824 1114 911 1155 fata
934 1114 1056 1169 petis.

147 1174 221 1215 sed
244 1187 381 1227 neque
406 1172 620 1237 peccabis,
646 1171 884 1224 frustraque
910 1185 990 1226 ego
1015 1177 1173 1213 terreor
1196 1170 1304 1211 istis:

203 1244 370 1285 quoque
396 1229 534 1270 minus
558 1228 722 1277 venias,
746 1227 889 1268 invida
912 1235 1076 1283 pugnat
1100 1228 1276 1283 hiemps.

146 1302 213 1329 me
237 1286 456 1334 miseram,
483 1292 640 1339 quanto
666 1285 925 1339 planguntur
947 1284 1071 1327 litora
1094 1285 1238 1333 fluctu,

204 1350 243 1384 et
267 1343 369 1384 latet
393 1342 573 1383 obscura
598 1341 766 1382 condita
789 1341 903 1383 nube
928 1341 1035 1383 dies!

146 1399 322 1441 forsitan
347 1399 401 1440 ad
425 1406 601 1463 pontum
625 1405 760 1439 mater
785 1397 856 1452 pia
878 1397 1041 1440 venerit
1064 1398 1225 1447 Helles

195 1469 425 1510 mersaque
450 1455 600 1496 roratis
624 1463 724 1496 nata
747 1454 896 1496 fleatur
920 1454 1059 1520 aquis:

149 1529 201 1554 an
227 1527 342 1554 mare
367 1511 455 1553 ab
445 1512 579 1553 1nviso
605 1511 824 1566 privignae
848 1512 1017 1552 nomine
1042 1511 1200 1553 dictum

206 1577 330 1611 vexat
354 1569 397 1610 in
423 1582 673 1622 aequoream
699 1583 820 1609 versa
843 1582 1026 1610 noverca
1049 1568 1197 1609 deam?

149 1640 233 1667 non
257 1625 390 1674 favet,
415 1633 462 1666 ut
485 1638 597 1665 nunc
623 1632 699 1673 est,
725 1624 877 1665 teneris
902 1625 1020 1666 locus
1043 1624 1120 1665 iste
1145 1624 1312 1679 puellis:

206 1683 286 1723 hac
311 1681 434 1723 Helle
460 1681 602 1736 periit,
627 1680 706 1721 hac
731 1695 817 1735 ego·
834 1681 980 1722 laedor
1002 1695 1124 1734 aqua.

151 1747 192 1780 at
217 1739 294 1780 tibi
317 1738 580 1779 flammarum
606 1737 800 1785 memori,
825 1736 1042 1792 Neptune,
1067 1746 1234 1778 tuarum

208 1796 347 1836 nullus
373 1802 460 1836 erat
484 1794 620 1835 ventis
644 1793 922 1848 inpediendus
947 1807 1082 1835 amor:

152 1853 186 1894 si
209 1866 346 1906 neque
372 1852 614 1905 Amymone
638 1864 716 1891 nec
740 1850 1029 1891 laudatissima
1051 1850 1188 1891 forma

208 1907 391 1950 criminis
417 1916 479 1949 est
503 1907 618 1962 Tyro
644 1906 789 1947 fabula
813 1921 922 1948 vana
946 1907 1022 1956 tui,

150 1965 374 2020 lucidaque
399 1964 593 2029 Alcyone
620 1961 862 2018 Calyceque
887 1964 1159 2028 Hecataeone
1182 1970 1281 2003 nata

209 2029 249 2064 et
272 2021 460 2063 nondum
485 2020 604 2061 nexis
631 2034 769 2074 angue
793 2020 979 2061 Medusa
1003 2019 1134 2062 comis

151 2080 344 2133 flavaque
370 2078 561 2119 Laudice
586 2077 786 2142 caeloque
810 2084 979 2132 recepta
1005 2075 1207 2126 Celaeno,

210 2146 249 2178 et
275 2150 453 2189 quarum
478 2133 649 2176 memini
673 2133 844 2174 nomina
868 2134 977 2175 lecta
1001 2133 1116 2174 mihi.

152 2194 228 2234 has
254 2201 364 2233 certe
389 2192 615 2246 pluresque
640 2198 815 2239 canunt,
839 2190 1058 2245 Neptune,
1083 2196 1233 2245 poetae

210 2249 334 2290 molle
358 2248 469 2289 latus
492 2248 611 2289 lateri
636 2246 922 2301 composuisse
947 2254 1032 2287 tuo.

155 2321 229 2348 cul
252 2306 393 2360 igitur,
419 2304 569 2346 totiens
594 2304 704 2345 vires
729 2311 926 2358 expertus
953 2302 1120 2351 amoris,

212 2363 432 2404 adsuetum
456 2361 577 2401 nobis
602 2360 768 2401 turbine
794 2359 953 2400 claudis
978 2359 1082 2400 iter'?

97 2441 99 2443 ·
156 2434 300 2475 parce,
325 2418 464 2466 feroit,
489 2417 657 2470 latoque
681 2416 787 2456 mari
811 2423 884 2456 tua
908 2416 1067 2470 proelia
1091 2414 1238 2457 misce.

214 2474 373 2517 seducit
399 2481 529 2515 terras
555 2473 659 2513 haec
685 2472 822 2514 brevis
847 2472 962 2512 unda
987 2471 1104 2512 duas.

157 2541 197 2574 te
224 2532 341 2573 decet
368 2539 439 2571 aut
464 2544 640 2585 magnas
664 2543 869 2583 magnum
892 2528 1048 2570 iactare
1074 2527 1236 2568 carinas

215 2599 287 2630 aut
313 2588 437 2629 etiam
461 2587 558 2627 totis
583 2585 787 2627 classibus
813 2599 903 2626 esse
928 2592 1102 2626 trucem.

158 2655 280 2700 turpe
305 2644 383 2686 deo
408 2642 582 2698 pelagi
573 2657 768 2683 luvenem
792 2649 946 2683 terrere
971 2648 1200 2690 natantem,

216 2702 432 2756 gloriaque
458 2708 520 2741 est
546 2707 696 2753 stagno
721 2698 909 2752 quolibet
932 2698 1014 2740 ista
1037 2697 1185 2739 minor.

159 2759 310 2800 nobilis
336 2758 405 2798 ille
430 2756 599 2811 quidem
625 2763 685 2797 est
713 2764 752 2797 et
779 2755 914 2797 clarus
940 2755 1113 2810 oligine,
1140 2754 1213 2796 sed
1238 2768 1323 2795 non

1535 392 1599 422 105

1537 676 1601 705 110

1539 957 1601 986 115

1541 1241 1604 1271 120

1542 1806 1606 1836 130

1548 2372 1612 2402 140

1549 2653 1611 2683 145
