1831 3168
225 190 306 231 170
683 198 724 232 Γ.
752 197 897 233 OVIDI
923 196 1139 232 NASONIS

277 280 432 336 palleat
457 279 609 320 indicio
636 278 820 320 criminis
845 278 916 319 illa
942 278 1015 319 tui.

222 352 245 378 o
272 345 421 390 quater
445 344 485 377 et
510 335 703 388 quotiens
730 350 904 377 numero
929 335 1216 390 conprendere
1241 350 1325 377 non
1351 344 1413 378 cst

279 394 464 439 felicem,
491 392 542 433 de
569 406 652 445 quo
677 392 792 433 laesa
817 392 958 447 puella
983 392 1113 433 dolet:

220 465 346 505 quae,
373 449 497 489 simul
522 449 674 489 invitas
701 449 859 490 crimen
883 449 1074 503 pervenit
1101 448 1154 490 ad
1181 464 1317 497 aures,

129 523 194 551 450
277 506 452 553 excidit,
480 514 518 546 et
544 505 722 547 miserae
748 519 915 559 voxque
942 506 1140 560 colorque
1165 505 1294 561 fugit!

218 564 286 604 ille
313 576 393 618 cgo
419 563 515 610 sim,
543 563 661 603 euius
686 562 812 604 laniet
839 562 998 603 furiosa
1028 562 1219 617 capillos:

275 620 344 661 ille
371 633 449 674 ego
476 620 573 667 sim,
601 626 766 660 teneras
792 619 859 660 cui
885 627 1000 674 petat
1025 633 1169 674 ungue
1194 634 1340 674 genas,

219 692 343 731 quem
370 676 512 717 videat
534 675 779 726 lacrimans,
806 690 933 729 quem
959 676 1087 717 torvis
1114 684 1275 730 spectet
1299 677 1458 726 ocellis,

276 748 358 788 quo
386 733 474 774 sine
498 747 583 774 non
608 733 740 788 possit
766 733 926 782 vivere,
952 747 1076 788 posse
1102 733 1215 774 velit.

128 806 192 835 455
221 790 253 832 si
280 790 462 846 spatium
488 804 686 844 quaeras,
712 790 840 832 breve
866 790 936 839 sit,
964 790 1077 843 quod
1102 790 1217 831 laesa
1242 798 1457 844 queratur,

274 863 328 889 ne
353 848 466 889 lenta
491 848 599 889 vires
625 847 796 902 colligat
820 847 883 888 ira
907 861 1037 887 mora.

219 904 397 946 candida
422 904 670 945 iamdudum
696 904 919 959 cingantur
944 904 1051 945 colla
1075 904 1255 952 lacertis,

274 962 403 1015 inque
428 969 522 1002 tuos
547 961 651 1003 flens
677 970 740 1003 est
765 961 1009 1016 accipienda
1035 961 1163 1002 sinus.

220 1019 363 1060 oscula
388 1019 442 1059 da
466 1019 600 1068 flenti,
626 1018 805 1060 Veneris
831 1018 885 1059 da
909 1018 1068 1073 gaudia
1092 1017 1227 1059 flenti:

127 1090 194 1119 460
277 1091 361 1131 pax
387 1075 476 1117 erit.
537 1075 617 1116 hoc
641 1090 727 1116 uno
753 1075 929 1116 solvitur
954 1075 1016 1116 ira
1040 1074 1180 1116 modo.

220 1147 315 1174 cum
341 1132 448 1174 bene
475 1132 687 1180 saevierit,
715 1146 811 1173 cum
838 1139 951 1173 certa
975 1131 1189 1174 videbitur
1213 1130 1358 1180 hostis,

276 1198 363 1230 tum
390 1196 486 1244 pete
513 1189 760 1231 concubitus
787 1188 977 1230 foedera:
1004 1188 1115 1229 mitis
1141 1188 1231 1230 erit.

218 1246 303 1287 illic
329 1245 526 1301 depositis
552 1246 711 1287 habitat
740 1245 979 1287 Concordia
1003 1245 1116 1287 telis:

275 1303 367 1351 illo,
394 1302 517 1345 crede
542 1302 664 1351 mihi,
692 1301 841 1344 Gratia
867 1311 966 1343 nata
991 1302 1083 1344 loco
1111 1309 1185 1344 est.

128 1372 192 1403 4435>
220 1374 327 1414 quae
351 1360 478 1400 modo
503 1366 766 1414 pugnarunt,
790 1360 973 1414 iungunt
999 1374 1075 1400 sua
1099 1366 1234 1400 rostra
1260 1358 1494 1407 columbae,

275 1430 454 1470 quarum
480 1416 705 1457 blanditias
730 1416 944 1469 verbaque
970 1430 1160 1456 murmur
1185 1414 1324 1456 habet.

219 1474 354 1528 prima
379 1472 460 1513 fuit
483 1487 624 1514 rerum
651 1472 827 1514 confusa
853 1473 941 1514 sine
966 1472 1111 1514 ordine
1136 1472 1283 1520 moles,

275 1543 444 1583 unaque
470 1536 559 1571 erat
583 1529 713 1571 facies
739 1530 895 1578 sidera,
922 1537 1052 1578 terra,
1079 1529 1248 1570 fretum.

218 1601 317 1628 mox
343 1587 506 1628 caelum
531 1586 775 1641 impositum
801 1586 939 1635 terris,
966 1586 1120 1627 humus
1147 1599 1328 1639 aequore
1355 1584 1492 1628 cineta
1517 1591 1595 1635 est,

126 1658 193 1688 470
275 1644 403 1697 inque
431 1658 528 1684 suas
553 1651 694 1698 partes
721 1643 846 1684 cessit
870 1643 994 1685 inane
1021 1642 1160 1684 chaos.

220 1701 325 1742 silva
349 1701 482 1748 feras,
509 1701 700 1742 volueres
726 1704 798 1741 ae'r
823 1700 987 1755 accepit
1012 1699 1242 1749 habendas,

276 1758 319 1798 in
342 1757 504 1811 liquida
528 1757 665 1812 pisces
691 1757 914 1799 delituistis
941 1771 1063 1811 aqua.

219 1823 309 1856 tum
335 1829 470 1869 genus
496 1813 728 1855 humanum
755 1814 852 1855 solis
879 1814 1046 1855 errabat
1070 1814 1113 1854 in
1138 1813 1264 1868 agris,

276 1871 404 1925 idque
429 1886 570 1912 merae
596 1871 705 1912 vires
732 1878 773 1912 et
797 1871 901 1912 rude
928 1885 1080 1925 corpus
1106 1878 1212 1911 erat:

126 1942 194 1971 475
223 1928 327 1969 silva
353 1928 502 1968 domus
528 1927 685 1976 fuerat,
714 1927 831 1968 cibus
857 1927 1007 1976 herba,
1033 1926 1189 1967 cubilia
1212 1925 1397 1975 frondes,

275 1985 444 2038 iamque
471 1984 543 2025 diu
568 1984 672 2024 nulli
698 1983 892 2038 cognitus
920 1984 1023 2024 alter
1048 1990 1150 2024 erat.

220 2041 376 2082 blanda
400 2050 538 2082 truces
565 2041 727 2081 animos
753 2041 886 2081 fertur
911 2039 1094 2081 mollisse
1119 2039 1326 2094 voluptas.

278 2098 551 2140 constiterant
575 2112 660 2138 uno
685 2096 844 2139 femina
869 2096 1015 2150 virque
1040 2097 1146 2138 loco.

218 2155 319 2210 quid
345 2155 550 2203 facerent,
575 2155 656 2210 ipsi
682 2154 797 2195 nullo
823 2153 1006 2195 didicere
1031 2154 1253 2208 magistro:

125 2227 193 2257 480
276 2221 363 2254 arte
389 2212 537 2254 Venus
562 2211 678 2252 nulla
703 2211 825 2252 dulce
850 2210 1013 2266 peregit
1039 2225 1159 2265 opus.

218 2269 304 2311 ales
330 2269 477 2318 habet,
503 2269 617 2323 quod
643 2276 752 2310 amet
762 2284 772 2318 ;
798 2282 894 2309 cum
922 2281 1005 2321 quo
1031 2282 1108 2308 sua
1132 2266 1290 2322 gaudia
1314 2265 1479 2321 iungat,

275 2327 436 2368 invenit
460 2326 503 2367 in
527 2326 668 2367 media
692 2325 850 2367 femina
874 2324 1000 2380 piscis
1026 2338 1156 2378 aqua:

219 2399 344 2425 cerva
367 2398 513 2438 parem
539 2383 741 2437 sequitur,
769 2397 941 2437 serpens
968 2389 1161 2436 serpente
1186 2387 1371 2422 tenetur:

275 2441 419 2481 haeret
444 2440 650 2481 adulterio
677 2454 773 2481 cum
799 2454 902 2480 cane
927 2453 1038 2480 nexa
1062 2438 1195 2479 canis:

126 2510 192 2540 485
219 2498 328 2538 laeta
354 2496 500 2537 salitur
524 2496 633 2545 ovis,
660 2504 779 2538 tauro
805 2510 973 2550 quoque
999 2496 1109 2537 laeta
1133 2495 1312 2536 iuvenca
1337 2501 1418 2535 est:

277 2554 453 2595 sustinet
477 2553 727 2594 inmundum
754 2552 859 2593 sima
884 2552 1045 2607 capella
1069 2567 1247 2593 marem:

219 2611 262 2651 in
287 2610 418 2651 furias
443 2610 657 2665 agitantur
681 2624 835 2664 equae,
861 2609 1084 2664 spatioque
1106 2616 1266 2650 remota

276 2682 351 2721 per
375 2667 467 2708 loca
493 2667 687 2707 dividuos
713 2681 835 2707 amne
862 2675 1062 2707 secuntur
1086 2680 1230 2719 equos.

220 2737 320 2778 ergo
347 2738 425 2778 age
452 2732 489 2764 et
516 2723 647 2764 iratae
672 2722 951 2765 medicamina
976 2722 1100 2763 fortia
1125 2722 1292 2777 praebe.
