1831 3168
234 478 279 508 45

234 762 280 793 50

234 1051 279 1080 55

236 1336 282 1366 60

237 1622 281 1652 65

242 2194 284 2224 '75

239 2479 284 2509 80

240 2762 285 2794 85

308 257 390 300 126
768 264 810 299 Ρ.
839 264 985 300 OVIDI
1010 262 1227 300 NASONIS

305 349 442 392 siccus
468 356 514 391 ut
539 347 737 414 amplecti
764 345 1012 389 Salmonida
1037 354 1179 401 posset
1204 345 1408 402 EnipeuS,

364 406 512 449 cedele
538 405 659 447 iussit
685 419 858 459 aquam.
885 403 999 445 iussa
1024 404 1193 445 recessit
1221 418 1343 457 aqua.

305 478 383 506 nec
408 471 449 505 te
475 469 713 518 praetcr‚eo
740 461 813 516 qui
838 475 913 516 per
938 475 1043 502 cava
1068 475 1171 502 saxa
1196 461 1390 502 volutans

361 520 533 561 Tiburis
560 519 696 574 Argei
721 517 930 574 pomifera
955 533 1056 559 arva
1081 517 1214 573 rigas:

305 577 385 619 Ilia
410 577 477 619 cui
502 577 680 632 placuit,
707 575 901 630 quamvis
928 583 1017 617 erat
1041 575 1212 617 horrida
1237 575 1367 625 cultu,

362 649 507 690 ungue
532 641 678 676 notata
703 647 864 682 comas,
891 647 1035 688 ungue
1060 640 1205 674 notata
1228 648 1372 688 genas.

304 691 376 733 illa
399 706 575 747 gemens
601 691 827 746 patruique
853 689 972 732 nefas
998 668 1254 744 delictaquec>
1260 690 1413 732 Martis

363 748 530 790 enabat
555 748 670 790 nudo
696 763 772 804 per
795 748 889 789 loc-a
914 748 1004 789 sola
1027 747 1149 803 pede.

304 805 414 848 hanc
439 805 582 848 Anien
607 805 765 861 rapidis
792 805 1006 847 animosus
1032 805 1137 846 vidit
1164 805 1217 846 ab
1243 805 1367 847 undis

361 877 575 918 raucaque
600 863 652 905 de
677 863 826 905 mediis
853 862 1022 904 sustulit
1047 876 1120 904 ora
1145 862 1266 904 vadis

306 928 433 975 atque
458 920 516 962 ita
542 919 665 974 ‘quid
689 920 875 962 nostras’
902 919 1007 960 dixit
1032 919 1151 961 ‘teris
1177 919 1303 962 anxia
1328 920 1453 976 ripas,

362 978 461 1027 Ilia,
489 978 542 1019 ab
567 977 698 1020 Idaeo
725 977 1020 1019 Laomedonte
1045 977 1207 1032 genus?

306 1049 390 1090 quo
416 1035 555 1077 cultus
581 1035 722 1077 abiere
748 1034 834 1076 tui?
860 1034 962 1088 quid
987 1033 1077 1075 sola
1102 1034 1283 1089 vagaris,

362 1092 466 1134 vitta
490 1106 569 1134 nec
595 1092 782 1134 evinctas
807 1092 984 1147 impedit
1009 1091 1106 1132 alba
1132 1092 1303 1133 comas?

306 1149 410 1204 quid
434 1150 509 1192 fles
535 1157 576 1191 et
600 1149 793 1191 madidos
818 1148 1003 1190 lacrimis
1029 1149 1263 1204 corrumpis
1291 1149 1445 1191 ocellos

363 1214 620 1262 pectoraque
645 1207 794 1247 insana
819 1206 985 1261 plangis
1012 1214 1158 1271 aperta
1183 1207 1337 1248 manu?

306 1263 376 1306 ille
401 1264 530 1305 habet
555 1271 595 1305 et
621 1264 758 1305 silices
785 1273 825 1305 et
850 1263 995 1304 vivum
1020 1263 1064 1304 in
1090 1271 1258 1318 pectore
1283 1263 1456 1314 ferrum,

365 1321 438 1376 qui
464 1328 607 1363 tenero
633 1321 827 1362 lacrimas
853 1320 1028 1362 lentus
1018 1336 1061 1361 1n
1087 1335 1159 1362 ore
1186 1320 1312 1362 videt.

306 1378 406 1428 Ilia,
431 1393 541 1433 pone
566 1386 703 1420 metus
713 1394 723 1428 3
750 1378 826 1419 tibi
852 1378 969 1432 regia
993 1385 1137 1419 nostra
1161 1378 1336 1432 patebit,

364 1443 492 1490 teque
518 1436 655 1477 colent
681 1450 845 1477 amnes:
872 1435 972 1484 Ilia,
999 1449 1108 1489 pone
1134 1443 1284 1476 metus.

308 1501 354 1535 tu
381 1500 551 1535 centum
577 1500 650 1534 aut
673 1493 816 1548 plures
842 1492 950 1533 inter
975 1492 1247 1534 dominabere
1272 1492 1502 1547 nymphas:

364 1565 465 1592 nam
491 1558 660 1592 centum
686 1558 758 1591 aut
785 1549 926 1604 plules
952 1549 1127 1590 flumina
1151 1557 1295 1590 nostra
1320 1558 1476 1591 tenent.

308 1623 361 1651 ne
386 1622 454 1649 me
480 1622 652 1662 sperne,
678 1621 839 1662 precor,
867 1613 1051 1656 tantum,
1077 1606 1265 1648 Troiana
1289 1621 1498 1663 propago:

364 1679 542 1706 munera
566 1664 783 1719 promissis
809 1663 1007 1705 uberiora
1031 1638 1170 1706 f'eres.’

309 1723 485 1764 dixerat.
546 1722 618 1763 illa
643 1721 822 1763 oculos
812 1737 855 1762 1n
880 1721 1058 1762 humum
1085 1721 1247 1763 deiecta
1272 1722 1485 1764 modestos

366 1779 595 1835 spargebat
619 1786 785 1821 teneros
810 1778 961 1820 flebilis
986 1779 1120 1820 imbre
1147 1779 1276 1820 sinus.

307 1844 371 1878 ter
395 1837 540 1878 molita
565 1836 714 1891 fugam
739 1844 803 1878 ter
827 1836 881 1876 ad
907 1836 1012 1877 altas
1039 1836 1192 1878 restitit
1217 1836 1366 1886 undas,

367 1893 563 1935 currendi
587 1894 697 1934 vires
722 1893 926 1948 eripiente
951 1901 1079 1935 metu.

309 1966 402 1993 sera
427 1958 568 1992 tamen
595 1950 790 1992 scindens
816 1950 986 1991 inimico
1012 1950 1162 2005 pollice
1189 1951 1347 1993 crinem

366 2007 498 2049 edidit
522 2007 720 2062 indignos
747 2021 818 2048 ore
843 2015 1048 2048 tremente
1075 2022 1221 2048 sonos:

310 2069 353 2106 ‘o
379 2064 541 2106 utinam
566 2079 662 2106 mea
686 2064 795 2106 lecta
819 2063 957 2106 forent
982 2064 1203 2119 patrioque
1229 2063 1451 2119 sepulchro

367 2121 555 2170 condita,
582 2135 679 2162 cum
704 2128 899 2176 poterant
923 2120 1099 2176 virginis
1125 2135 1221 2162 ossa
1245 2121 1347 2176 legi!

311 2193 398 2228 cur,
424 2178 550 2219 modo
576 2178 782 2226 Vestalis,
809 2177 954 2219 taedas
979 2178 1134 2219 invitor
1158 2178 1212 2220 ad
1237 2179 1344 2220 ullas

367 2235 500 2291 turpis
527 2243 568 2277 et
593 2235 734 2277 Iliacis
759 2235 979 2276 infitianda
1004 2235 1136 2276 focis?

309 2293 413 2348 quid
437 2307 578 2334 moror
602 2301 644 2335 et
669 2292 812 2348 digitis
839 2292 1038 2348 designor
1063 2293 1254 2334 adultera
1278 2292 1419 2348 volgi?

366 2350 502 2392 desint
528 2349 717 2391 famosus
742 2364 852 2406 quae
877 2358 994 2392 notet
1019 2365 1092 2392 ora
1116 2350 1280 2405 pudor.’

308 2408 532 2456 hactenus3
560 2415 601 2449 et
626 2414 788 2449 vestem
813 2407 985 2449 tumidis
1010 2407 1249 2462 praetendit
1274 2408 1416 2449 ocellis

367 2473 493 2519 atque
517 2465 576 2507 ita
601 2480 646 2507 se
670 2464 714 2506 in
739 2464 909 2520 rapidas
934 2464 1099 2520 perdita
1123 2464 1238 2506 misit
1263 2480 1408 2519 aquas.

310 2522 582 2578 supposuisse
607 2537 757 2564 manus
784 2522 838 2564 ad
862 2530 1034 2577 pectora
1058 2522 1246 2564 lubricus
1272 2521 1426 2563 Amnis

367 2579 521 2621 dicitur
547 2588 588 2621 et
612 2580 716 2621 socii
740 2579 832 2621 iura
857 2579 1023 2621 dedisse
1049 2579 1142 2621 tori.

310 2643 350 2678 te
377 2650 547 2690 quoque
573 2637 773 2679 credibile
798 2644 861 2678 est
887 2637 1028 2691 aliqua
1054 2636 1232 2678 caluisse
1258 2637 1411 2692 puella,

369 2693 443 2734 sed
467 2708 642 2735 nemora
667 2702 707 2735 et
733 2694 863 2735 silvae
889 2694 1066 2735 crimina
1091 2702 1231 2736 vestra
1256 2703 1418 2749 tegunt.

312 2749 415 2791 dum
438 2749 602 2802 loquor,
628 2750 806 2791 increvit
831 2751 925 2792 latis
952 2750 1163 2806 spatiosus
1189 2751 1231 2791 in
1256 2751 1394 2800 undis,

364 2820 444 2850 nec
471 2806 581 2861 capit
608 2807 812 2848 admissas
839 2808 983 2849 alveus
1010 2808 1118 2849 altus
1145 2822 1290 2862 aquas.
