1831 3168
326 189 384 232 42
785 197 827 232 P.
856 197 1001 233 OVIDI
1026 196 1244 233 NASONIS

382 296 495 323 nune
521 281 595 322 tibi
621 295 713 321 sum
740 294 914 335 pauper,
941 294 1053 321 nunc
1078 280 1154 321 tibi
1178 280 1268 321 visa
1291 294 1462 330 nocens,

326 339 521 380 flammea
546 337 730 378 subduxi
754 336 962 378 medicato
987 337 1147 378 lumina
1172 351 1332 386 somno,

385 403 422 436 et
450 394 544 442 tibi,
570 408 678 448 quae
704 408 892 449 raperae,
918 393 1075 436 vellera.
1099 401 1189 435 tuta
1214 393 1325 435 dedi.

325 451 517 507 proditus
543 459 607 492 cst
630 450 809 505 genitor,
835 465 1015 504 regnum
1040 450 1303 505 patriamque
1327 449 1492 505 reliqui,

237 520 300 548 llo
384 523 536 548 munus
562 508 606 549 in
631 507 756 548 exilio
781 507 1000 561 quodlibet
1025 522 1116 549 esse
1142 507 1233 555 tuli,

327 565 545 620 virginitas
572 564 685 605 sacta
710 572 773 606 est
798 564 1009 620 peregrini
1034 564 1193 619 praeda
1217 564 1404 613 latronis,

383 621 544 677 optima
568 635 664 662 cum
692 636 787 662 cara
812 630 945 663 matre
970 621 1115 663 relicta
1139 636 1268 663 soror.

326 687 367 720 at
393 693 477 719 non
503 687 543 720 te
569 678 738 733 fugiens
764 678 852 719 sine
878 693 958 727 me,
984 694 1205 733 germane,
1232 677 1396 732 reliqui.

384 736 523 777 deficit
550 735 628 776 hoe
654 749 739 776 uno
764 735 903 777 littera
928 743 1072 776 nostra
1095 736 1200 777 loco.

236 802 299 833 115
326 793 439 847 quod
465 793 604 834 facere
631 807 734 833 ausa
758 808 853 834 mea
878 801 959 841 cst,
986 806 1070 833 non
1096 793 1223 834 audet
1249 792 1430 834 scribere
1456 792 1617 833 dextra.

383 850 442 891 sie
468 864 569 904 ego,
596 850 669 891 sed
695 857 855 897 tecum,
882 849 1152 890 dilaceranda
1177 849 1251 890 fui.

325 922 403 948 nco
428 915 567 948 tamen
595 906 769 948 extimui
795 906 917 960 (quid
943 906 1056 947 enim
1082 914 1177 961 post
1201 906 1274 946 illa
1299 906 1537 960 timerem?)

383 964 552 1005 credere
578 979 644 1005 me
670 964 822 1018 pelago
848 963 1025 1011 femina,
1051 971 1222 1016 tamque
1247 977 1417 1004 nocens.

325 1036 480 1062 numen
506 1020 579 1061 ubi
605 1020 693 1062 est?
729 1020 801 1060 ubi
828 1020 894 1060 di?
931 1020 1101 1061 meritas
1127 1019 1355 1060 subeamus
1380 1019 1423 1060 in
1449 1018 1533 1060 alto

236 1086 300 1118 120
381 1085 426 1118 tu
452 1077 612 1118 fraudis
639 1091 817 1132 poenas,
844 1076 1104 1118 credulitatis
1130 1091 1223 1131 ego.

326 1149 587 1190 compressos
612 1134 775 1174 utinam
802 1133 1113 1189 Symplegades
1139 1133 1358 1181 elisissent‚

380 1200 609 1245 nostraque
635 1191 911 1232 adhaererent
937 1191 1102 1232 ossibus
1128 1205 1224 1232 ossa
1248 1190 1345 1239 tuis,

325 1256 398 1289 aut
421 1263 498 1289 nos
526 1247 672 1302 Scylla
696 1262 827 1302 rapax
854 1247 1028 1289 canibus
1054 1248 1238 1290 misisset
1263 1246 1468 1289 edendos!

383 1305 529 1347 debuit
554 1304 730 1360 ingratis
757 1303 903 1359 Scylla
927 1319 1078 1346 nocere
1104 1305 1217 1346 viris.

235 1371 298 1401 125
325 1375 519 1416 quaeque
544 1361 675 1402 vomit
699 1361 874 1403 totidem
900 1362 1053 1403 fluctus
1084 1362 1345 1415 totidemque
1369 1361 1574 1411 resorbet,

380 1433 456 1460 nos
481 1432 652 1472 quoque
677 1418 921 1460 Trinacriae
947 1418 1239 1473 subposuisset
1264 1418 1419 1472 aquae!

324 1489 470 1530 sospes
497 1475 551 1516 ad
576 1475 838 1516 Haemonias
863 1475 1082 1529 victorque
1108 1475 1330 1517 reverteris
1355 1475 1501 1517 urbes:

380 1531 552 1586 ponitur
577 1532 631 1572 ad
656 1531 814 1586 patrios
840 1547 968 1573 aurea
993 1532 1091 1573 lana
1116 1532 1230 1574 deos.

324 1589 427 1643 quid
451 1588 632 1630 referam
656 1588 804 1630 Peliae
828 1596 948 1629 natas
973 1588 1129 1643 pietate
1154 1597 1353 1631 nocentes

234 1656 299 1687 130
383 1660 592 1699 caesaque
617 1645 808 1701 virginea
831 1645 1024 1687 membra
1047 1653 1224 1701 paterna
1249 1645 1402 1687 manu?

323 1710 371 1744 ut
396 1703 566 1758 culpent
591 1702 679 1752 alii,
705 1702 781 1743 tibi
806 1718 873 1744 me
897 1703 1070 1744 laudare
1095 1718 1268 1745 necesse
1293 1710 1369 1752 est,

379 1774 456 1815 pro
482 1773 566 1813 quo
592 1775 686 1800 sum
711 1759 863 1801 totiens
891 1775 981 1801 esse
1008 1769 1154 1801 coacta
1177 1775 1347 1802 nocens.

324 1831 452 1857 ausus
479 1831 522 1858 es
546 1840 604 1845 —
629 1831 652 1857 o
677 1816 788 1857 iusto
815 1817 967 1858 desunt
992 1832 1069 1858 sua
1093 1817 1223 1858 verba
1248 1816 1472 1858 dolori!—

381 1888 509 1914 ausus
537 1888 580 1914 es
607 1873 829 1914 ‘Aesonia'
857 1873 996 1914 dicere
1023 1874 1144 1915 ‘cede
1171 1873 1337 1914 domol'

234 1941 296 1971 135
323 1930 438 1972 iussa
463 1930 588 1970 domo
615 1930 741 1978 cessi,
765 1929 874 1970 natis
901 1930 1099 1971 comitata
1124 1930 1290 1971 duobus

382 1996 442 2035 et,
470 1986 543 2040 qui
568 2001 634 2028 me
662 1986 852 2040 sequitur
877 2001 1056 2041 semper,
1083 2001 1224 2028 amore
1250 1987 1324 2028 tui.

323 2051 371 2085 ut
395 2043 534 2084 subito
559 2050 724 2084 nostras
750 2044 923 2098 Hymen
949 2052 1141 2085 cantatus
1168 2044 1221 2084 ad
1248 2059 1370 2086 aures

379 2100 512 2150 venit,
540 2108 581 2142 et
606 2114 782 2142 accenso
808 2100 1026 2155 lampades
1050 2101 1149 2156 igne
1174 2101 1345 2151 micant,

323 2157 510 2211 tibiaque
535 2156 715 2199 effundit
740 2157 910 2198 socialia
935 2158 1121 2199 earmina
1147 2157 1281 2207 vobis,

232 2225 297 2256 140
380 2222 423 2255 at
447 2214 549 2254 mihi
574 2213 750 2256 funerea
774 2214 978 2256 flebiliora
1002 2215 1119 2264 tuba,

322 2270 521 2327 pertimui
545 2286 623 2312 nee
649 2271 787 2312 adhuc
812 2279 977 2313 tantum
1002 2272 1139 2313 scelus
1165 2287 1254 2313 esse
1279 2272 1503 2327 putabamz

381 2328 455 2369 sed
480 2335 622 2370 tamen
648 2328 691 2369 in
715 2337 803 2369 toto
828 2336 998 2383 pectore
1023 2329 1159 2383 frigus
1186 2338 1288 2370 erat.

322 2385 448 2426 turba
466 2392 592 2426 ruunt
609 2393 650 2427 et
671 2385 880 2440 ‘Hymen’
896 2385 1080 2427 clamant
1095 2386 1392 2441 ‘Hymen'que
1411 2387 1693 2442 frequentant.

381 2456 465 2496 quo
490 2442 660 2497 propior
684 2457 767 2483 vox
792 2442 915 2491 haec,
941 2443 1022 2484 hoc
1047 2442 1150 2484 mihi
1174 2443 1294 2498 peius
1319 2452 1420 2485 erat.

233 2511 296 2541 145
325 2498 479 2540 diversi
503 2499 661 2540 fiebant
686 2499 796 2541 servi
820 2499 1100 2553 lacrimasque
1126 2500 1340 2554 tegebant.

380 2555 473 2609 quis
498 2556 624 2598 vellet
650 2556 754 2598 tanti
778 2557 951 2598 nuntius
977 2572 1069 2598 esse
1094 2558 1220 2598 mali?

322 2626 389 2653 me
416 2626 604 2666 quoque,
631 2613 839 2667 quidquid
864 2621 973 2662 ciat,
998 2614 1140 2669 potius
1165 2615 1325 2656 nescire
1350 2614 1544 2657 iuvabat:

381 2669 454 2710 sed
480 2676 697 2723 tamquam
723 2670 893 2721 scirem,
918 2685 1038 2712 mens
1062 2686 1158 2713 mea
1181 2672 1309 2713 tristis
1335 2680 1435 2713 erat.

324 2740 421 2767 cum
446 2725 582 2767 minor
607 2741 628 2768 e
654 2727 794 2782 pueris
820 2727 936 2781 (lusu
961 2728 1185 2783 studioque
1211 2729 1382 2770 videndi
