1831 3168
416 243 759 280 REMEDIORUM
782 241 973 279 AMORIS
998 241 1192 278 344—431.
1406 231 1492 273 205

176 326 373 375 vicimus,
400 335 441 368 et
465 326 561 367 falsi
587 325 770 367 criminis
797 334 890 367 acta
915 340 987 367 rea
1011 331 1086 366 est.

121 397 335 448 rumpere,
360 357 466 424 livor
491 383 612 424 edax.
671 397 875 438 magnum
899 381 981 422 iam
1007 395 1161 422 nomen
1184 379 1409 422 habemus:

176 440 311 481 maius
338 440 435 488 erit,
462 448 644 488 tantum,
671 453 754 494 quo
743 418 887 494 0pede
913 438 1070 493 coepit,
1097 446 1176 479 eat.

120 496 195 539 sed
218 496 395 538 nimium
419 510 633 551 properas.
694 496 833 537 vivam
859 495 1004 543 modo,
1031 495 1152 559 plura
1177 492 1358 534 dolebis.

178 562 218 595 et
244 553 414 608 capiunt
439 552 566 594 animi
592 553 779 594 carmina
804 553 936 593 multa
960 552 1056 592 mci.

118 626 218 652 nam
242 610 379 658 iuvat,
405 618 444 652 et
469 609 655 651 studium
680 609 818 650 famae
843 608 944 649 mihi
971 607 1101 649 crevit
1125 607 1295 648 honore.

177 667 382 722 principio
408 667 504 708 clivi
529 676 672 708 noster
697 665 863 707 anhelat
890 679 1037 718 equus.

121 732 285 766 tantum
311 739 354 766 se
379 723 500 765 nobis
526 723 635 778 elegi
660 722 812 764 debere
838 722 1036 768 fatentur,

177 789 383 835 quantum
407 758 617 835 17013111οῠ
621 779 762 821 nobile
788 778 913 820 debet
938 792 1052 832 epos.
1078 800 1135 805 —

119 837 323 880 hactenus
348 837 530 878 invidiae
555 835 861 891 respondimus.
923 833 1084 875 attrahe
1109 833 1199 874 lora

177 894 327 935 fortius
353 903 394 936 et
418 908 523 949 gyro
549 908 689 942 curre,
714 901 860 947 poeta,
887 900 973 932 tuo.

122 966 222 1006 ergo
249 951 323 992 ubi
348 950 597 992 concubitus
623 958 663 992 et
688 964 794 1005 opus
819 948 1013 990 iuvenale
1038 954 1217 1002 petetur,

179 1018 221 1050 et
245 1022 375 1062 prope
401 1007 630 1063 promissae
655 1014 846 1071 tempora
869 1004 1004 1046 noctis
1030 1013 1165 1052 erunt,

120 1064 278 1120 gaudia
302 1080 354 1106 ne
381 1065 593 1129 dominae,
619 1064 743 1119 pleno
769 1063 803 1103 si
829 1076 1002 1117 corpore
1029 1075 1184 1110 sumes,

179 1133 219 1164 te
246 1121 432 1176 capiant,
458 1122 574 1162 ineas
600 1119 829 1185 quamlibet
856 1127 972 1167 ante,
999 1118 1138 1159 velim.

121 1178 388 1233 quamlibet
377 1193 447 1219 mv
452 1178 587 1227 enias,
612 1178 656 1218 111
681 1191 764 1231 qua
789 1186 862 1218 tua
888 1175 1035 1240 prima
1048 1175 1244 1230 voluptas

179 1235 360 1277 desinat:
388 1250 412 1276 a
436 1235 571 1290 prima
595 1234 788 1299 proxima
813 1232 952 1288 segnis
979 1232 1068 1274 erit.

123 1300 354 1334 sustentata
379 1292 526 1334 Venus
551 1291 803 1346 gratissima.
864 1289 1021 1345 frigore
1047 1289 1169 1336 soles,

181 1349 303 1390 sole
292 1364 364 1390 1uv
368 1357 439 1390 ant
465 1348 660 1396 umbrae,
686 1355 808 1403 grata
832 1347 878 1388 fit
903 1325 1018 1388 uonda
1043 1345 1123 1387 siti.

123 1414 162 1448 et
187 1405 337 1462 pudet,
363 1413 405 1447 et
430 1405 586 1447 dicam:
612 1405 825 1448 Venerem
852 1418 1021 1458 quoque
1046 1403 1174 1457 iunge
1199 1401 1351 1457 figura,

181 1477 265 1516 qua
289 1462 461 1504 minime
486 1462 605 1517 iungi
630 1475 842 1516 quamque
869 1461 1017 1503 decere
1042 1470 1179 1516 putas

122 1533 199 1562 nec
224 1519 343 1560 labor
369 1519 534 1561 efficere
560 1527 634 1561 est.
694 1533 814 1560 rarae
841 1518 920 1559 sibi
944 1533 1044 1559 vera
1069 1517 1267 1564 fatentur,

182 1584 222 1617 et
245 1575 350 1616 nihil
376 1585 457 1624 est,
483 1576 596 1629 quod
623 1590 666 1617 se
692 1575 938 1616 dedecuisse
962 1582 1123 1629 putent.

123 1640 223 1674 tunc
249 1632 374 1674 etiam
398 1632 524 1674 iubeo
550 1640 658 1673 totas
684 1631 845 1686 aperire
870 1631 1076 1673 fenestras

181 1689 404 1744 turpiaque
430 1688 613 1730 admisso
638 1688 828 1730 membra
852 1697 997 1729 notare
1023 1687 1104 1729 die.

125 1755 167 1788 at
193 1746 316 1787 simul
343 1746 396 1787 ad
420 1754 554 1788 metas
578 1745 692 1787 venit
717 1745 834 1786 finita
859 1745 1066 1799 voluptas,

180 1803 375 1857 lassaque
401 1817 496 1844 011111
522 1810 609 1843 tota
634 1816 810 1857 corpora
834 1810 974 1843 mente
999 1801 1150 1849 iacent,

125 1859 226 1901 dum
251 1860 385 1915 piget,
411 1868 458 1900 ut
482 1859 602 1900 malis
627 1859 787 1900 nullam
811 1858 998 1913 tetigisse
1023 1857 1222 1913 puellam,

180 1926 451 1970 tacturusque
477 1916 553 1957 tibi
576 1930 661 1957 non
686 1915 855 1957 videaie
884 1915 969 1963 diu,

123 1981 224 2016 tunc
249 1973 388 2015 animo
414 1972 555 2038 signa,
580 1972 913 2038 quodcumque
902 1987 946 2013 111
971 1985 1146 2027 corpore
1170 1969 1372 2012 mendum
1397 1979 1472 2017 est,

179 2030 459 2084 luminaque
449 2046 492 2070 111
517 2030 628 2071 vitiis
652 2029 764 2070 illius
790 2042 925 2082 usque
951 2038 1059 2070 tene.

122 2087 300 2128 forsitan
322 2087 428 2128 haec
453 2086 604 2141 aliquis
630 2085 748 2139 (nam
774 2095 871 2127 sunt
896 2086 1085 2140 quoque)
1110 2099 1241 2140 parva
1266 2083 1460 2125 vocabit?

181 2143 255 2186 sed
279 2158 387 2197 quae
412 2158 497 2184 non
520 2153 696 2198 prosunt
722 2143 907 2197 singula,
933 2143 1066 2184 multa
1090 2141 1249 2183 iuvant.

123 2215 257 2256 parva
280 2208 403 2242 necat
427 2214 571 2241 morsu
596 2200 827 2254 spatiosum
852 2199 997 2253 wipera
1022 2207 1210 2240 taurum:

183 2272 208 2298 a
233 2270 336 2298 cane
361 2270 446 2297 non
470 2270 625 2310 magno
651 2270 776 2310 saepe
802 2265 968 2297 tenetur
993 2270 1106 2310 aper.

125 2322 172 2356 tu
196 2321 360 2355 tantum
385 2326 560 2354 numero
586 2327 731 2367 pugna
755 2320 1065 2366 praeceptaque
1090 2311 1133 2352 in
1158 2325 1290 2351 unum

183 2369 401 2411 contrahe:
428 2369 479 2410 de
505 2368 646 2410 multis
671 2368 843 2423 grandis
869 2382 1044 2409 acervus
1071 2367 1159 2409 erit.

127 2427 201 2470 sed
226 2426 426 2481 quoniam
450 2425 625 2467 totidem
650 2439 787 2467 mores
813 2424 1070 2478 totidemque
1095 2424 1269 2480 figurae,

183 2498 267 2525 non
294 2491 390 2524 sunt
413 2482 577 2523 iudiciis
603 2482 743 2523 omnia
768 2481 908 2522 danda
932 2482 1050 2523 meis.

127 2555 210 2595 quo
237 2551 310 2582 tua
332 2553 418 2581 non
442 2547 617 2594 possunt
642 2538 798 2580 offendi
823 2547 994 2593 pectora
1017 2538 1143 2587 facto,

185 2596 361 2638 forsitan
386 2595 466 2637 hoc
491 2595 572 2636 alio
596 2595 734 2637 iudice
760 2595 918 2637 crimen
943 2595 1032 2636 erit.

127 2654 197 2696 ille
223 2653 337 2706 quod
362 2652 566 2694 obscenas
590 2652 632 2693 in
658 2661 802 2707 aperto
828 2666 1000 2707 corpore
1026 2660 1165 2706 partes

187 2710 367 2759 viderat,
393 2709 436 2750 in
462 2723 587 2750 cursu
611 2708 684 2762 qui
708 2709 806 2758 fuit,
832 2708 964 2751 haesit
990 2723 1124 2749 amor:

128 2767 199 2810 ille
225 2766 338 2822 quod
363 2781 387 2808 a
412 2765 590 2809 Veneris
615 2765 741 2808 rebus
767 2777 965 2821 surgente
990 2765 1133 2821 puella

1517 446 1583 477 390

1519 1014 1587 1044 400

1520 1299 1587 1330 405

1520 1584 1589 1614 410

1520 1869 1589 1899 415

1522 2152 1589 2182 420

1521 2720 1589 2750 43«)
