1831 3168
314 229 397 272 102
766 237 811 272 P.
840 237 986 273 OVlDI
1013 237 1232 274 NASONIS

313 321 400 363 sive
427 336 471 363 cs
498 320 640 368 docta,
667 320 809 375 places
835 334 952 361 raras
979 319 1124 361 dotata
1148 334 1223 375 per
1248 326 1378 362 artes:

372 378 460 420 sive
485 377 620 426 rudis,
647 378 815 432 placeas
842 376 1110 432 simplicitate
1136 385 1222 419 tua.

314 444 394 485 est,
420 448 530 488 quae
557 432 810 475 Callimachi
836 449 937 489 prae
963 434 1116 475 nostris
1142 433 1299 475 rustica
1324 433 1436 476 dicat

246 507 288 537 ρο
372 491 575 533 carmina:
604 491 672 532 cui
697 491 858 546 placeo,
885 491 1077 547 protinus
1102 491 1195 547 ipsa
1219 491 1370 546 placet.

314 558 376 591 est
402 548 547 597 ctiam,
574 562 684 602 quae
711 563 778 590 me
804 556 944 590 vatem
972 557 1011 590 et
1037 563 1133 590 mea
1158 548 1344 590 carmina
1371 549 1532 604 culpet:

372 605 581 661 culpantis
607 606 777 661 cupiam
805 605 1054 647 sustinuisse
1081 606 1232 647 femur.

313 663 496 704 molliter
520 662 696 704 incedit:
724 670 841 704 motu
867 663 993 718 capit.
1055 663 1187 704 altera
1213 663 1319 704 dura
1344 670 1425 704 cst:

372 728 413 761 at
438 719 591 776 poterit
617 728 728 761 tacto
753 720 919 761 mollior
945 735 1035 762 esse
1062 721 1165 761 viro.

246 791 286 822 25
314 777 419 819 haec
444 777 545 831 quia
570 777 693 819 dulce
719 777 832 818 canit
856 778 1070 832 flectitque
1096 777 1297 819 facillima
1322 791 1485 826 vocem,

372 834 516 876 oscula
541 835 727 876 cantanti
752 842 875 890 rapta
900 835 1066 876 dedisse
1092 835 1232 876 velim.

313 891 420 934 haec
444 892 643 946 querulas
668 891 799 933 habili
824 893 1032 947 percurrit
1057 892 1208 947 pollice
1234 891 1433 934 chordas:

370 957 458 991 tam
483 949 629 990 doctas
655 949 749 1003 quis
775 963 859 990 non
884 949 1017 1004 possit
1042 964 1185 990 amare
1211 948 1388 990 manus?

312 1006 386 1048 illa
410 1007 551 1061 placet
574 1014 698 1061 gestu
723 1020 1034 1060 numerosaque
1061 1005 1258 1047 bracchia
1284 1005 1413 1055 ducit,

246 1077 289 1109 30
373 1072 414 1105 et
440 1071 632 1105 tenerum
657 1063 773 1104 molli
799 1070 967 1117 torquet
993 1063 1046 1104 ab
1072 1070 1160 1104 arte
1185 1063 1314 1104 latus:

313 1128 362 1162 ut
386 1127 550 1162 taceam
577 1120 628 1161 de
653 1135 740 1169 me,
767 1120 841 1174 qui
867 1135 994 1162 causa
1019 1128 1171 1176 tangor
1197 1120 1250 1161 ab
1277 1120 1407 1168 omni,

370 1177 456 1219 illic
482 1177 767 1232 Hippolytum
792 1192 922 1233 pone:
949 1177 1134 1233 Priapus
1161 1177 1257 1219 erit!

313 1242 379 1285 tu,
406 1235 506 1289 quia
530 1243 615 1276 tam
642 1235 771 1290 longa
795 1250 859 1284 es,
886 1243 1048 1276 veteres
1075 1234 1270 1276 heroidas
1296 1249 1454 1289 aequas

371 1299 413 1333 et
437 1300 556 1347 potes
581 1292 623 1332 in
650 1300 738 1333 toto
765 1292 898 1333 multa
922 1292 1059 1334 iacere
1085 1300 1189 1333 toro.

245 1363 287 1394 35
313 1348 419 1390 haec
443 1349 594 1390 habilis
621 1349 825 1390 brevitate
851 1364 928 1390 sua
954 1357 1029 1391 est.
1090 1363 1337 1404 corrumpor
1361 1356 1564 1404 utraque:

372 1406 630 1448 conveniunt
655 1414 753 1447 voto
778 1407 906 1461 longa
933 1406 1157 1460 brevisque
1183 1421 1292 1447 meo.

313 1478 400 1505 non
426 1471 489 1505 est
515 1463 647 1504 culta:
674 1463 806 1511 subit,
833 1464 935 1517 quid
961 1464 1098 1505 cultae
1125 1463 1326 1505 accedere
1351 1463 1497 1519 possit.

374 1527 521 1561 ornata
547 1527 628 1561 est:
656 1520 775 1562 dotes
802 1521 972 1562 exhibet
997 1521 1091 1575 ipsa
1117 1535 1227 1562 suas.

315 1577 497 1619 candida
522 1592 589 1618 me
615 1577 772 1632 capiet,
800 1578 936 1632 capiet
964 1593 1030 1618 me
1055 1578 1166 1618 flava
1191 1578 1347 1632 puella,

244 1650 288 1680 40
372 1641 433 1676 est
461 1634 587 1676 etiam
612 1635 655 1675 in
680 1634 801 1675 fusco
826 1643 948 1689 grata
973 1635 1111 1676 colore
1137 1635 1299 1677 Venus.

314 1707 389 1733 seu
414 1692 602 1748 pendent
625 1691 750 1733 nivea
774 1692 880 1747 pulli
906 1692 1069 1734 cervice
1096 1691 1256 1747 capilli:

371 1749 495 1790 Leda
520 1749 602 1790 fuit
625 1749 748 1804 nigra
773 1749 1074 1804 conspicienda
1101 1763 1242 1798 coma3

313 1821 388 1847 seu
413 1807 590 1847 flavent:
617 1806 778 1861 placuit
803 1806 961 1848 croceis
987 1807 1158 1848 Aurora
1183 1806 1358 1861 capillis.

370 1863 566 1904 omnibus
591 1863 775 1904 historiis
800 1878 845 1905 se
871 1878 990 1904 meus
1017 1871 1135 1919 aptat
1160 1878 1290 1904 amor.

243 1935 285 1964 45
313 1935 380 1961 me
405 1934 516 1960 nova
542 1920 756 1968 sollicitat,
783 1935 850 1962 me
876 1920 1011 1975 tangit
1037 1921 1168 1962 serior
1194 1928 1329 1961 aetas:

370 1977 475 2017 haec
500 1977 666 2025 melior,
694 1977 834 2032 specie
860 1976 1046 2032 corporis
1070 1977 1142 2018 illa
1167 1978 1318 2032 placet.

313 2033 496 2087 denique
523 2048 628 2087 quas
653 2040 741 2074 tota
766 2034 992 2088 quisquam
1019 2034 1169 2089 probet
1193 2034 1298 2075 urbe
1324 2033 1500 2089 puellas,

370 2098 513 2132 noster
537 2091 580 2131 in
606 2090 682 2131 has
709 2091 843 2132 omnis
870 2091 1119 2132 ambitiosus
1146 2105 1276 2132 amor.

975 2193 1029 2236 V.

313 2261 466 2303 Nullus
492 2276 609 2303 amor
634 2261 740 2302 tanti
766 2269 848 2311 est,
872 2285 929 2290 —
955 2262 1104 2312 abeas,
1129 2261 1370 2317 pharetrate
1397 2260 1566 2318 Cupido
1589 2285 1648 2293 —

370 2328 417 2360 ut
442 2319 545 2360 mihi
570 2319 652 2360 sint
677 2320 830 2360 totiens
855 2319 1041 2360 maxima
1066 2327 1166 2360 vota
1191 2320 1310 2360 mori.

312 2384 413 2418 vota
437 2376 543 2417 mori
567 2391 661 2418 mea
687 2384 802 2426 sunt,
830 2391 927 2418 cum
953 2384 993 2418 te
1018 2391 1217 2432 peccasse
1242 2376 1451 2427 recordor,

371 2435 409 2475 ei
434 2434 537 2475 mihi
562 2440 816 2489 perpetuum
841 2441 941 2474 nata
966 2434 1109 2490 puella
1133 2433 1314 2475 malum!

270 2505 288 2534 5
314 2505 398 2532 non
424 2491 527 2532 mihi
553 2492 755 2546 deceptae
779 2491 943 2532 nudant
968 2500 1041 2532 tua
1066 2491 1180 2533 facta
1204 2491 1399 2541 tabellae,

371 2563 449 2589 nec
475 2548 574 2590 data
598 2548 753 2590 furtive
779 2563 955 2590 munera
980 2549 1137 2590 crimen
1163 2548 1334 2591 habent.

315 2619 339 2646 o
365 2605 526 2646 utinam
553 2620 775 2660 arguerem
801 2606 879 2655 sic,
906 2613 953 2647 ut
978 2620 1063 2647 non
1088 2606 1256 2648 vincere
1282 2605 1471 2661 possem!

373 2677 439 2703 me
465 2663 685 2711 miserum,
712 2677 843 2717 quare
868 2671 954 2704 tam
980 2664 1092 2704 bona
1117 2678 1245 2704 causa
1269 2678 1364 2705 mea
1389 2663 1477 2704 est?

315 2718 417 2760 felix
444 2719 535 2772 qni,
563 2720 676 2773 quod
703 2728 835 2769 amat,
863 2720 1091 2762 defendere
1116 2720 1280 2762 fortiter
1305 2719 1447 2770 audet,

249 2790 290 2821 10
375 2776 441 2818 cui
467 2791 544 2817 sua
569 2781 670 2817 ‘non
696 2776 796 2818 feci’
824 2776 962 2818 dicere
988 2777 1123 2819 amica
1148 2785 1300 2833 potest.
