1831 3168
364 218 417 260 16
797 228 838 260 Γ.
866 227 1009 262 OVIDI
1036 227 1253 262 NASONIS

419 316 465 350 ut
491 317 562 350 tua
588 315 683 349 sunt
710 309 814 349 collo
841 308 1036 349 bracchia
1061 323 1170 350 nexa
1195 322 1301 349 meo.

363 382 405 414 a,
432 365 644 419 quotiens,
671 379 766 404 cum
791 372 830 405 te
857 372 981 405 vento
1007 378 1228 418 quererere
1253 365 1399 414 teneri,

292 438 338 466 50
418 422 597 462 riserunt
623 420 812 462 comites!
839 421 907 462 ille
933 421 1142 462 secundus
1168 428 1268 462 erat.

362 478 504 519 oscula
529 477 726 518 dimissae
751 477 943 530 quotiens
969 477 1146 532 repetita
1172 477 1341 518 dedisti!

418 548 544 587 quam
571 534 640 573 vix
667 533 863 574 sustinuit
889 533 1026 575 dicere
1053 534 1198 589 lingua
1224 533 1376 575 ‘vale'l

361 605 463 630 aura
487 590 591 631 levis
615 589 752 644 rigido
778 590 1004 645 pendentia
1028 590 1157 632 lintea
1182 590 1291 631 malo

417 646 609 694 suscitat,
636 655 675 687 et
700 647 826 688 remis
851 654 969 688 eruta
995 656 1115 688 canet
1141 661 1263 700 aqua.

291 717 332 746 55
359 717 589 757 prosequor
613 703 758 744 infelix
784 703 915 744 oculis
942 703 1141 745 abeuntia
1166 704 1271 752 vela,

417 774 501 813 qua
524 759 639 808 licet,
665 767 706 801 et
730 760 910 800 lacrimis
936 769 1051 801 umet
1077 775 1204 801 arena
1229 760 1346 801 meis.

359 823 489 869 utque
515 815 624 857 celer
648 816 811 865 venias,
838 817 991 858 virides
1016 816 1219 858 Nereidas
1245 831 1337 856 oro:

417 872 573 914 scilicet
597 880 644 913 ut
668 873 811 914 venias
837 873 879 914 in
904 888 997 914 mea
1023 874 1176 914 damna
1202 873 1323 914 00101.

359 929 467 971 votis
494 943 593 984 ergo
619 930 742 977 meis,
770 929 839 970 alii
864 930 1066 978 rediture,
1093 930 1262 971 redisti?

291 999 333 1029 60
417 985 454 1027 01
477 985 601 1050 mihi,
626 1000 701 1040 pro
728 986 818 1026 dira
842 986 1001 1040 paelice
1028 986 1183 1027 blanda
1206 985 1285 1026 fui!

358 1041 506 1097 aspicit
530 1042 768 1083 inmensum
793 1043 922 1083 moles
948 1043 1089 1083 nativa
1113 1042 1391 1097 plofundum3

414 1113 533 1140 mons
558 1099 656 1146 fuit,
683 1099 900 1152 aequoreis
925 1099 997 1139 illa
1021 1099 1175 1140 resistit
1200 1099 1340 1163 aquis:

356 1154 452 1196 hinc
478 1169 557 1210 ego
583 1155 676 1196 vela
701 1164 797 1196 tuae
823 1155 1004 1209 cognovi
1028 1156 1164 1210 prima
1188 1155 1367 1204 carinae,

413 1222 452 1253 et
478 1211 578 1252 mihi
605 1226 679 1266 pel
704 1212 856 1253 fluctus
874 1192 1062 1267 impetus
1088 1212 1147 1253 ire
1173 1211 1268 1252 fuit.

289 1280 329 1311 65
356 1267 457 1308 dum
481 1282 633 1316 moror,
659 1268 701 1309 111
727 1284 891 1309 summa
915 1268 1033 1309 fulsit
1056 1268 1159 1309 1111111
1184 1283 1370 1323 purpura
1395 1282 1533 1323 prora.

410 1325 625 1380 pertimui:
652 1325 788 1366 cultus
813 1339 897 1366 non
923 1333 1011 1367 erat
1034 1325 1104 1367 ille
1129 1332 1239 1366 tuus.

354 1380 399 1421 fit
425 1381 595 1436 propior
620 1388 837 1436 terrasque
863 1382 944 1423 cita
969 1382 1068 1422 ratis
1095 1381 1230 1436 attigit
1256 1395 1377 1422 aura:

410 1438 614 1479 femineas
640 1438 726 1479 vidi
751 1438 876 1479 corde
902 1446 1105 1480 tremente
1130 1453 1279 1493 genas:

352 1508 436 1535 non
463 1494 563 1535 satis
588 1494 631 1535 id
656 1494 795 1535 fuerat
817 1518 874 1524 —
898 1495 999 1548 quid
1025 1494 1135 1536 enim
1162 1495 1320 1535 furiosa
1345 1493 1565 1536 morabar?
1593 1515 1652 1520 -

286 1564 327 1594 70
410 1550 612 1592 haerebat
636 1551 797 1606 gremio
824 1551 957 1606 turpis
984 1551 1119 1592 amica
1144 1551 1234 1592 tuo!

352 1614 451 1648 tunc
476 1621 576 1648 vero
600 1607 781 1662 rupique
806 1607 922 1648 sinus
949 1615 989 1649 et
1013 1616 1185 1662 pectora
1209 1607 1354 1662 planxi

408 1670 448 1704 et
473 1663 588 1705 secui
614 1663 803 1704 madidas
828 1679 971 1718 ungue
997 1665 1159 1718 rigente
1184 1678 1316 1718 genas

350 1719 608 1774 implevique
634 1735 797 1761 sacram
821 1721 1008 1774 querulis
1033 1720 1264 1761 ululatibus
1289 1720 1414 1762 Iden:

407 1777 507 1817 illuc
532 1776 607 1817 has
632 1777 826 1817 lacrimas
851 1777 893 1817 in
919 1792 1013 1819 mea
1039 1792 1141 1818 saxa
1166 1777 1255 1818 tuli.

284 1847 324 1878 75
352 1832 411 1874 sic
437 1833 601 1874 Helene
627 1833 766 1874 doleat
792 1834 1040 1887 desertaque
1067 1834 1245 1888 coniuge
1270 1833 1418 1888 ploret,

409 1903 601 1943 quaeque
627 1890 739 1944 prior
764 1890 884 1930 nobis
910 1890 1068 1939 intulit,
1093 1890 1184 1944 ipsa
1209 1889 1328 1931 ferat.

349 1960 462 1986 nunc
486 1945 562 1987 tibi
587 1946 861 1995 conveniunt,
887 1960 995 2000 quae
1022 1955 1061 1988 te
1087 1961 1162 2000 per
1187 1955 1330 2010 aperta
1356 1954 1587 2000 sequantur

407 2016 592 2056 aequom
615 2002 824 2057 legitimos
850 2003 1163 2056 destituantque
1190 2003 1319 2043 111001

350 2065 392 2099 at
417 2073 513 2100 011111
539 2073 701 2124 pauper
726 2074 817 2100 eras
843 2067 1114 2113 armentaque
1141 2068 1283 2114 pastor
1308 2058 1480 2114 agebas,

281 2129 324 2160 80
405 2115 521 2156 nulla
545 2115 625 2156 nisi
651 2114 828 2158 Oenone
854 2116 1051 2171 pauperis
1078 2131 1184 2157 uxor
1209 2131 1252 2180 01
1255 2124 1310 2156 at.

348 2185 432 2213 non
458 2186 537 2227 ego
563 2173 690 2213 miror
715 2187 835 2228 opes,
862 2187 940 2214 nec
965 2188 1031 2214 me
1058 2181 1129 2214 tua
1154 2172 1270 2227 legia
1295 2172 1442 2227 tangit,

404 2243 482 2271 1100
482 2208 559 2270 ode
585 2236 646 2270 tot
670 2229 829 2270 Priami
854 2229 968 2270 dicar
992 2237 1037 2270 ut
1062 2245 1147 2270 una
1171 2245 1250 2270 11111
1254 2244 1321 2269 us

347 2299 433 2326 non
457 2294 598 2327 tamen
624 2294 697 2327 aut
720 2285 917 2327 Priamus
942 2286 1153 2341 nymphae
1180 2301 1298 2327 socer
1323 2300 1413 2327 esse
1438 2293 1619 2334 recuset,

404 2350 475 2383 aut
501 2342 708 2384 Hecubae
733 2342 885 2384 fuerim
911 2343 1214 2384 dissimulanda
1238 2341 1389 2383 nurusl

255 2424 264 2434 s
280 2413 322 2443 85
349 2398 560 2453 dignaque
587 2415 680 2441 sum
705 2406 744 2442 et
770 2399 895 2454 cupio
919 2399 1009 2441 fieri
1034 2407 1225 2440 matrona
1249 2398 1451 2453 potentis:

405 2463 501 2496 sunt
526 2455 646 2505 mihi,
673 2470 778 2510 quas
803 2456 964 2511 possint
990 2465 1154 2511 sceptra
1180 2456 1348 2505 decere,
1373 2470 1538 2496 manus.

348 2525 425 2553 nec
449 2526 536 2560 me,
561 2512 733 2568 faginea
757 2513 871 2567 quod
896 2520 1035 2554 tecum
1061 2513 1210 2554 fronde
1235 2512 1439 2561 iacebam,

405 2568 592 2623 despice:
618 2584 830 2624 purpureo
857 2585 949 2611 sum
975 2570 1113 2625 magis
1137 2577 1235 2624 apta
1259 2577 1364 2610 toro.

347 2624 528 2678 denique
554 2632 669 2666 tutus
695 2641 812 2667 amor
836 2641 955 2668 meus
981 2635 1044 2668 est
1046 2607 1163 2667 r>tibi:
1190 2626 1305 2666 nulla
1329 2630 1532 2680 parantur

279 2694 321 2725 90
402 2680 532 2729 bella,
557 2696 635 2723 nec
660 2682 828 2724 ultrices
854 2683 936 2723 adv
939 2682 1023 2724 ehit
1049 2683 1163 2723 unda
1188 2689 1312 2723 rates.

345 2713 556 2793 Tyndaris
582 2738 743 2780 infestis
769 2738 950 2794 fugitiva
974 2739 1208 2794 reposcitur
1233 2737 1379 2779 armis:
