1831 3168
391 201 446 245 06
829 213 872 247 P.
900 213 1046 249 ov1D1
1070 212 1286 250 NASONIS

445 303 487 337 ct
512 294 724 336 madidam
751 294 883 336 siccas
909 295 1102 360 aequoris
1127 295 1260 337 imbre
1287 310 1462 338 comam.

301 365 362 396 105
390 358 555 393 caetera
580 365 664 392 nox
690 358 731 393 et
756 365 832 393 nos
859 360 899 394 et
924 352 1050 393 turris
1077 352 1246 393 conscia
1270 352 1399 403 novit,

447 408 646 461 quodque
673 407 775 449 mihi
798 408 941 450 lumen
966 423 1042 464 per
1067 409 1176 450 vada
1201 417 1403 451 monstrat
1429 410 1520 452 iter.

387 478 472 505 non
498 464 633 519 magis
658 464 769 505 illius
794 465 1007 507 numerari
1031 466 1189 520 gaudia
1214 466 1360 515 noctis,

444 520 778 576 Hellespontiaci
804 536 931 576 quam
956 523 1084 564 maris
1111 522 1207 578 alga
1231 530 1382 577 potest.

387 592 472 630 quo
500 578 667 619 brevius
693 578 876 633 spatium
901 579 1023 620 nobis
1049 579 1104 620 ad
1128 558 1241 620 furta
1265 579 1458 630 dabatur,

298 647 362 677 110
444 633 524 675 1100
549 634 685 690 magis
711 643 774 676 est
799 643 990 685 cautum,
1017 651 1069 677 ne
1095 636 1203 677 foret
1228 636 1331 677 illud
1356 636 1481 679 iners.

386 691 556 745 iamque
581 692 782 747 fugatura
807 692 979 733 Tithoni
1005 692 1184 747 coniuge
1209 701 1375 735 noctem

443 749 639 802 praevius
664 749 860 791 Aurorae
885 749 1061 790 Lucifer
1086 759 1202 791 ortus
1227 758 1334 791 erat:

386 805 531 846 oscula
557 806 824 861 congerimus
849 814 1074 862 properata
1098 806 1187 848 sine
1213 807 1357 848 ordine
1383 807 1535 861 raptim

444 869 484 903 et
510 863 725 916 querimur
748 878 900 918 parvas
926 863 1119 904 noctibus
1146 878 1237 905 esse
1263 878 1413 904 moras.

300 932 360 961 115
388 926 515 972 atque
541 919 598 960 ita
624 927 846 961 cunctatus
871 920 1034 961 monitu
1058 920 1232 961 nutricis
1259 935 1401 961 amaro

442 975 598 1031 frigida
623 976 789 1018 deserta
814 977 937 1018 litora
962 985 1076 1018 turre
1101 984 1212 1031 peto.

386 1032 647 1087 digredimur
671 1033 838 1083 flentes,
864 1042 1094 1088 repetoque
1120 1048 1199 1088 ego
1225 1032 1399 1088 virginis
1426 1046 1598 1086 aequor,

441 1089 668 1144 respiciens
694 1089 927 1139 dominam,
954 1090 1054 1131 dum
1080 1090 1196 1139 licet,
1222 1104 1357 1143 usque
1382 1104 1533 1131 meam.

385 1145 505 1199 siqua
531 1146 632 1187 fides
658 1161 758 1188 v·e10
784 1154 865 1188 est:
892 1147 1065 1188 veniens
1095 1146 1178 1188 huc
1205 1161 1294 1188 esse
1319 1155 1499 1194 natator,

296 1215 360 1246 120
443 1217 538 1244 011111
563 1203 710 1252 redeo,
737 1204 882 1245 videor
905 1204 1138 1259 naufragus
1164 1218 1255 1244 0550
1281 1203 1395 1244 mihi.

385 1258 466 1300 hoc
491 1274 659 1314 quoque
685 1261 719 1301 si
745 1261 898 1303 credis:
926 1261 980 1302 ad
1005 1271 1045 1302 te
1071 1261 1140 1302 via
1164 1275 1296 1315 prona
1320 1261 1499 1310 videtur,

443 1332 468 1357 a
492 1324 532 1358 te
558 1331 653 1358 cum
679 1317 825 1367 redeo,
851 1318 984 1359 clivus
1009 1317 1151 1359 inertis
1176 1316 1334 1371 aquae}

383 1373 541 1414 invitus
565 1382 710 1429 repeto
735 1374 928 1429 patriam.
990 1374 1084 1428 quis
1110 1374 1279 1415 credere
1304 1374 1462 1429 possit?

439 1430 596 1471 invitus
622 1439 734 1472 certe
760 1446 872 1472 nunc
897 1445 1037 1472 moror
1061 1431 1165 1472 urbe
1190 1446 1297 1472 mea.

292 1499 355 1530 125
382 1486 421 1528 ei
445 1487 567 1536 mihi,
593 1502 667 1528 cur
692 1488 841 1529 animis
866 1487 998 1528 iuncti
1023 1488 1279 1530 secernimur
1302 1487 1439 1536 undis,

439 1558 610 1598 unaque
634 1559 773 1594 mens,
798 1545 922 1586 tellus
947 1559 1032 1585 non
1057 1544 1183 1586 habet
1208 1559 1293 1585 una
1318 1544 1448 1585 duos?

382 1601 449 1642 vel
474 1608 547 1641 tua
572 1616 638 1642 me
667 1599 836 1650 Sestus,
862 1601 929 1642 vel
954 1609 994 1642 te
1018 1616 1114 1642 mea
1139 1608 1277 1642 sumat
1301 1600 1502 1655 Abydos:

438 1665 525 1698 tam
550 1665 623 1698 tua
647 1664 759 1699 terra
783 1658 905 1707 mihi,
931 1672 1059 1711 quam
1083 1657 1159 1698 tibi
1184 1665 1328 1698 nostra
1351 1658 1502 1712 placet.

382 1729 457 1756 cur
481 1728 561 1769 ego
588 1714 842 1764 confundor,
869 1715 1062 1769 quotiens
1089 1714 1362 1756 confunditur
1387 1714 1571 1768 aequor?

292 1784 355 1815 130
439 1786 513 1813 cur
537 1771 640 1812 mihi
665 1786 793 1813 causa
816 1772 940 1821 levis,
968 1779 1140 1820 ventus,
1167 1771 1316 1812 obesse
1340 1771 1503 1826 potest?

378 1828 463 1869 iam
487 1835 651 1869 nostros
678 1828 795 1870 curvi
819 1836 973 1870 norunt
999 1828 1217 1883 delphines
1244 1842 1421 1877 amores,

436 1885 628 1940 ignotum
653 1900 732 1926 nec
757 1900 824 1926 me
850 1885 1037 1940 piscibus
1064 1900 1154 1926 0550
1180 1899 1287 1926 reor.

379 1942 463 1983 iam
487 1949 604 1996 patet
628 1942 793 1982 attritus
818 1942 1035 1983 solitarum
1060 1942 1179 1982 limes
1205 1956 1424 1995 aquarum,

436 2012 522 2038 non
547 1998 679 2048 aliter,
705 1999 839 2039 multa
863 2013 992 2052 quam
1017 1998 1085 2039 via
1109 2013 1254 2053 pressa
1279 2006 1383 2039 rota.

290 2068 353 2098 135
380 2055 490 2109 quod
517 2054 620 2095 mihi
644 2069 729 2096 non
755 2062 865 2096 esset
888 2055 969 2096 nisi
996 2055 1054 2096 sic
1079 2055 1169 2103 iter,
1197 2062 1292 2096 ante
1318 2054 1544 2108 querebar:

436 2119 479 2153 at
503 2126 616 2153 nunc
641 2127 716 2167 per
741 2120 888 2154 ventos
913 2112 993 2153 hoc
1018 2126 1186 2166 quoque
1213 2112 1359 2153 deesse
1384 2125 1549 2165 queror.

378 2168 576 2210 fluctibus
600 2168 836 2210 immodicis
861 2169 1190 2210 Athamantidos
1217 2182 1400 2222 aequora
1426 2176 1590 2217 canent,

436 2225 592 2279 vixque
616 2234 758 2267 manet
783 2233 907 2291 portu
932 2233 1023 2267 tuta
1048 2225 1190 2267 emina
1215 2240 1303 2267 suo.

379 2281 459 2324 hoc
483 2297 617 2332 mare,
644 2297 740 2324 cum
765 2284 947 2338 primum
973 2283 1025 2324 de
1050 2283 1213 2338 virgine
1238 2282 1409 2323 nomina
1434 2297 1586 2331 1110150,

289 2353 353 2383 140
435 2353 544 2393 quae
569 2346 702 2389 tenet,
728 2348 792 2381 est
815 2348 1037 2388 nanctum,
1064 2340 1147 2381 tale
1173 2339 1303 2380 fuisse
1328 2347 1444 2393 puto.

378 2403 418 2436 et
444 2395 543 2437 satis
569 2396 723 2438 amissa
746 2397 864 2439 locus
890 2396 957 2438 hic
982 2396 1150 2438 infamis
1177 2396 1229 2437 ab
1255 2396 1380 2437 Helle
1407 2402 1482 2445 est,

434 2461 564 2507 utque
589 2453 692 2494 mihi
716 2461 880 2508 parcat,
906 2454 1074 2495 nomine
1101 2453 1256 2494 crimen
1281 2453 1421 2494 habet.

378 2509 544 2550 invideo
569 2510 750 2560 Phrixo,
777 2525 903 2565 quem
928 2526 1003 2567 per
1027 2511 1135 2552 freta
1159 2510 1294 2551 tristia
1318 2517 1456 2551 tutum

436 2581 564 2608 aurea
588 2567 776 2622 lanigero
802 2569 955 2610 vellere
981 2567 1096 2609 vexit
1120 2568 1222 2608 ovis.

289 2635 351 2665 145
379 2637 455 2663 nec
480 2630 621 2664 tamen
646 2625 832 2666 otficium
856 2625 1019 2680 pecoris
1044 2624 1218 2666 navisve
1242 2623 1424 2677 requiro,

434 2679 682 2729 dummodo,
709 2695 813 2735 quas
838 2682 997 2723 findam
1023 2696 1214 2736 corpore,
1241 2681 1394 2722 dentur
1419 2693 1569 2733 aquae.

378 2742 465 2777 arte
491 2751 595 2791 egeo
621 2738 755 2779 nulla:
781 2738 855 2780 fiat
879 2739 1004 2780 modo
1030 2739 1151 2794 copia
1175 2737 1317 2787 nandi,
