1831 3168
383 246 534 281 ARTIS
560 246 864 282 AMATORIAE
889 246 985 280 LIB.
1013 246 1061 280 II.
1088 246 1281 280 270-357.

207 335 333 383 atque
361 329 504 369 adimit
532 329 680 370 merito
707 336 872 383 tempus
898 328 939 368 in
967 342 1090 369 omne
1116 326 1255 369 fidem.
1283 351 1340 356 ——

150 400 275 440 saepe
302 385 381 426 sub
413 395 682 434 autumnum,
709 400 803 426 cum
831 385 1157 426 formosissimus
1183 399 1332 432 annus,

207 442 415 496 plenaque
442 457 653 497 purpureo
680 441 881 483 subrubet
909 457 992 482 uva
1018 455 1146 490 mero,

150 514 246 539 cum
273 499 397 539 modo
423 499 651 554 frigoribus
678 499 894 554 premitur,
920 498 1046 539 modo
1073 498 1248 540 solvitur
1273 507 1406 548 aestu,

207 559 301 597 a'erc
328 570 411 596 non
438 564 570 605 certo,
596 570 772 611 corpora
798 556 978 610 languor
1002 554 1141 596 habet.

150 612 220 653 illa
246 612 416 666 quidem
443 613 592 654 valcat.
654 613 728 654 sed
754 613 787 653 si
813 613 921 653 male
947 612 1067 652 firma
1092 611 1265 652 cubabit

208 677 246 710 et
274 669 421 710 vitium
449 670 551 711 caeli
578 669 751 711 senserit
779 684 906 724 aegra
932 668 1010 717 sui,

150 735 250 767 tunc
277 740 394 767 amor
419 735 459 768 et
483 726 618 781 pietas
645 735 717 767 tua
742 726 795 767 sit
821 725 1044 766 manifesta
1069 725 1248 779 puellae,

207 792 294 823 tum
322 798 433 832 sere,
460 783 573 836 quod
598 783 723 838 plena
747 781 967 838 postmodo
993 781 1102 822 falce
1128 790 1274 822 metas.

149 853 226 881 nec
252 839 327 880 tibi
354 840 508 881 morosi
533 840 703 881 veniant
728 839 897 880 fastidia
921 837 1070 887 morbi,

208 910 367 951 perque
393 906 486 937 tuas
512 896 632 946 fiant,
658 911 767 951 quae
793 896 899 936 sinet
924 895 1035 950 ipsa,
1061 909 1224 935 manus.

150 960 188 994 et
215 952 357 994 videat
381 953 572 1002 flentem,
597 967 675 995 nec
701 953 866 994 taedeat
892 951 1036 993 oscula
1061 950 1184 1000 ferre,

208 1018 247 1051 et
274 1009 385 1051 sicco
411 1010 604 1052 lacrimas
631 1009 829 1051 conbibat
854 1023 924 1050 ore
950 1017 1058 1049 tuas.

150 1067 282 1107 multa
306 1081 433 1116 vove,
460 1067 534 1108 sed
560 1074 711 1108 cuncta
735 1067 888 1122 palam.
949 1065 1198 1119 quotiesque
1223 1064 1384 1115 libebit,

207 1138 315 1177 quae
341 1124 498 1165 referas
524 1124 602 1173 illi,
629 1123 791 1164 somnia
814 1124 925 1164 laeta
949 1122 1058 1164 vide.

150 1190 188 1221 et
215 1181 374 1229 veniat,
401 1195 509 1234 quae
535 1181 681 1222 lustret
709 1195 813 1221 anus
838 1179 1079 1232 lectumque
1104 1178 1345 1233 locumque,

206 1237 418 1292 praeferat
443 1247 483 1279 et
509 1237 688 1279 tremula
713 1237 862 1292 sulpur
887 1244 925 1278 et
951 1250 1032 1277 ova
1056 1251 1199 1277 manu.

149 1293 345 1335 omnibus
370 1293 434 1335 his
460 1294 626 1336 inerunt
651 1302 798 1349 gratae
823 1293 1003 1348 vestigia
1028 1308 1172 1335 curae:

206 1350 248 1391 in
274 1350 441 1392 tabulas
467 1351 609 1392 multis
634 1350 740 1392 haec
765 1350 834 1392 via
858 1350 958 1392 fecit
982 1350 1074 1392 iter.

146 1421 224 1449 nec
250 1415 391 1449 tamen
417 1407 566 1449 officiis
592 1408 735 1449 odium
761 1415 988 1461 quaeratur
1013 1407 1067 1448 ab
1093 1422 1240 1462 aegra:

206 1464 258 1505 sit
284 1479 384 1505 suus
410 1465 452 1505 in
478 1465 634 1506 blanda
659 1464 880 1506 sedulitate
906 1463 1069 1506 modus.

147 1536 254 1562 neve
281 1521 373 1562 cibo
398 1521 574 1576 prohibe
599 1536 677 1563 nec
703 1521 834 1563 amari
859 1521 1012 1576 pocula
1038 1521 1127 1562 suci

205 1577 392 1633 porrige:
418 1578 560 1619 rivalis
586 1579 759 1619 misceat
784 1578 856 1619 illa
881 1586 991 1618 tuus.
1017 1602 1073 1606 —

149 1635 223 1675 sed
248 1649 332 1675 non
359 1648 442 1688 quo
469 1634 644 1676 dederas
671 1650 696 1676 a
720 1635 840 1676 litore
867 1635 1043 1676 carbasa
1066 1642 1207 1684 vento,

205 1691 431 1740 utendum,
456 1691 596 1733 medio
623 1706 718 1732 cum
744 1692 903 1746 potiere
929 1691 1049 1733 freto.

148 1749 250 1790 dum
274 1762 410 1789 novus
437 1756 547 1789 errat
572 1763 703 1798 amor,
728 1748 838 1790 vires
863 1748 943 1789 sibi
969 1748 1139 1804 colligat
1163 1763 1263 1790 usu:

207 1805 240 1847 si
265 1805 373 1847 bene
399 1805 614 1854 nutrieris,
641 1814 828 1860 tempore
852 1805 998 1846 firmus
1024 1806 1113 1846 erit.

148 1877 276 1917 quem
300 1870 468 1903 taurum
494 1862 664 1910 metuis,
690 1862 869 1903 vitulum
894 1862 1079 1904 mulcere
1104 1861 1289 1904 solebas:

207 1918 285 1961 sub
311 1933 395 1973 qua
419 1934 532 1960 nune
556 1919 734 1960 recubas
761 1919 928 1968 arbore,
954 1918 1074 1974 virga
1098 1919 1193 1960 fuit.

147 1976 333 2018 nascitur
358 1976 557 2031 exiguus,
584 1976 657 2017 sed
683 1990 783 2030 opes
809 1975 993 2030 adquirit
1017 1976 1170 2025 eundo,

205 2047 373 2088 quaque
398 2033 531 2082 venit,
557 2033 712 2074 multas
738 2032 890 2088 accipit
915 2033 1049 2074 amnis
1076 2047 1221 2086 aquas,

147 2090 215 2131 fac
241 2089 316 2130 tibi
342 2097 603 2131 consuescat.
663 2090 722 2131 nil
748 2089 1025 2131 adsuetudine
1050 2090 1206 2131 maius:

207 2161 335 2200 quam
360 2154 406 2187 tu
432 2147 534 2187 dum
559 2146 721 2201 capias,
747 2147 887 2188 taedia
911 2147 1026 2188 nulla
1051 2146 1166 2202 fuge.

149 2213 189 2245 te
217 2217 382 2257 semper
405 2203 565 2252 videat,
591 2203 668 2244 tibi
693 2218 860 2258 semper
883 2203 1085 2258 praebeat
1110 2218 1245 2252 aures,

207 2259 402 2301 exhibeat
426 2260 565 2300 vultus
590 2273 758 2313 noxque
784 2260 957 2313 diesque
983 2267 1091 2300 tuos.

150 2331 247 2358 cum
273 2316 348 2357 tibi
374 2316 507 2357 maior
532 2316 609 2357 erit
632 2316 806 2364 fiducia,
831 2330 955 2371 posse
979 2316 1149 2370 requiri,

208 2387 303 2414 cum
328 2373 474 2427 procul
499 2372 662 2414 absenti
687 2387 788 2414 cura
812 2372 979 2413 futurus
1005 2373 1099 2421 eris,

152 2429 205 2470 da
231 2430 432 2483 requiem.
492 2428 707 2483 requietus
733 2444 834 2484 ager
859 2429 965 2471 bene
992 2429 1152 2470 eredita
1175 2429 1326 2479 reddit,

210 2494 403 2540 terraque
429 2486 630 2527 caelestes
656 2485 773 2527 arida
798 2485 939 2528 sorbet
964 2500 1110 2540 aquas.

150 2543 351 2598 Phyllida
375 2542 658 2598 Demophoon
684 2557 882 2598 praesens
907 2543 1164 2584 moderatius
1190 2543 1313 2584 ussit:

211 2599 366 2641 exarsit
389 2600 492 2641 velis
519 2599 656 2641 acrius
680 2600 752 2641 illa
776 2599 898 2641 datis.

152 2656 398 2711 Penelopen
424 2656 576 2698 absens
601 2656 746 2699 sollers
771 2655 994 2711 torquebat
1017 2654 1184 2698 Ulixes.

210 2713 464 2767 Phylacides
490 2713 654 2763 aberat,
680 2713 935 2763 Laodamia,
961 2721 1072 2754 tuus.

154 2770 228 2812 sed
254 2784 370 2812 mora
395 2777 486 2812 tuta
510 2770 664 2813 brevis.
723 2771 961 2813 lentescunt
985 2777 1175 2826 tempore
1201 2783 1339 2820 curae,

1441 236 1522 278 167

1550 399 1614 428 315

1549 681 1615 712 3⁶20

1550 1249 1614 1280 330

1549 1534 1608 1545 ἢῆ*

1549 1546 1612 1564 σοι)

1548 1819 1613 1849 340

1548 2387 1613 2418 350

1549 2671 1612 2702 355
