1831 3168
547 234 819 271 HEROJDUM
844 235 910 270 111.
937 235 1106 270 30—117.

181 317 332 371 cuique
358 330 486 357 senex
513 316 675 357 Nereus
701 332 897 372 prosocer
922 332 1012 358 esse
1039 317 1149 358 velit.

122 390 198 416 nos
223 372 403 415 humiles
428 372 697 427 famulaeque
723 382 820 415 tuae
849 374 946 414 data
971 388 1102 428 pensa
1128 372 1341 414 trahemus

180 438 221 472 et
246 430 436 471 minuent
460 430 604 484 plenas
631 430 810 471 stamina
835 438 977 471 nostra
1003 431 1126 471 colos.

123 487 306 542 exagitet
331 501 384 527 ne
409 501 476 528 me
502 493 662 528 tantum
689 495 775 535 tua,
802 486 1015 541 deprecor,
1041 502 1160 535 uxor,

180 558 287 598 quae
313 542 415 583 mihi
440 543 580 584 nescio
606 557 689 597 quo
715 557 797 584 non
825 544 899 584 erit
926 558 1060 596 aequa
1085 543 1223 592 modo,

124 615 229 642 neve
255 614 369 641 meos
396 613 536 641 coram
563 600 695 640 scindi
719 600 879 654 patiare
905 600 1077 654 capillos

180 664 221 698 et
244 657 392 698 leviter
417 655 531 696 dicas
557 656 679 696 ‘haec
706 669 873 708 quoque
899 663 1042 697 nostra
1066 656 1172 696 fuit.'

123 714 190 755 vel
215 713 374 767 patiare
398 711 514 759 lieet,
541 711 641 752 dum
666 726 719 752 ne
746 718 985 765 contempta
1011 712 1239 765 relinquar:

180 769 247 810 hic
271 768 393 817 mihi,
419 767 517 808 vae!
554 767 730 809 miserae
757 768 942 809 concutit
967 782 1062 809 ossa
1086 776 1235 809 metus.

123 825 225 881 quid
250 833 390 866 tamen
417 824 639 879 expectas?
692 824 1018 879 Agamemnona
1041 825 1225 879 paenitet
1251 824 1350 873 irae,

181 889 222 923 et
245 882 354 923 iacet
381 887 476 922 ante
502 888 596 921 tuos
623 879 806 922 Graecia
831 888 992 923 maesta
1016 881 1157 935 pedes.

122 939 242 980 vince
268 937 429 979 animos
453 937 644 991 iramque
670 945 804 985 tuam,
830 938 902 991 qui
928 945 1066 979 cetera
1091 938 1234 978 vincis.

180 995 283 1049 quid
306 995 464 1036 lacerat
488 993 662 1035 Danaas
687 994 868 1050 impiger
892 995 1053 1035 Hector
1078 995 1203 1049 opes?

122 1067 240 1093 arma
265 1066 387 1106 cape,
414 1051 622 1100 Aeacide,
649 1051 722 1092 sed
747 1066 814 1092 me
839 1059 978 1092 tamen
1007 1059 1102 1093 ante
1127 1060 1308 1106 recepta,

180 1116 221 1150 et
244 1123 387 1164 preme
413 1108 601 1149 turbatos
628 1107 767 1149 Marte
792 1107 961 1149 favente
988 1108 1111 1149 viros.

124 1173 295 1220 propter
319 1180 386 1206 me
410 1172 525 1205 mota
551 1171 631 1214 est,
657 1172 829 1219 propter
854 1180 920 1206 me
947 1165 1110 1206 desinat
1134 1165 1213 1206 ira:

180 1222 342 1275 simque
368 1236 447 1277 ego
473 1221 663 1262 tristitiae
690 1236 818 1263 eausa
842 1222 1077 1275 modusque
1103 1228 1212 1263 tuae.

123 1293 200 1320 nec
224 1279 300 1319 tibi
326 1285 447 1333 turpe
473 1285 577 1333 puta
600 1278 795 1333 precibus
822 1278 1097 1321 succumbere
1122 1278 1294 1320 nostris:

180 1335 369 1390 coniugis
397 1332 586 1376 Oenides
612 1350 756 1376 versus
782 1335 825 1376 in
850 1350 966 1376 arma
990 1350 1114 1390 prece
1140 1344 1213 1377 est.

125 1407 190 1435 res
217 1392 360 1433 audita
384 1391 506 1440 mihi,
532 1399 631 1433 nota
655 1399 718 1433 est
742 1391 831 1433 tibi.
880 1392 1080 1433 fratribus
1106 1393 1209 1434 orba

180 1448 350 1490 devovit
373 1448 460 1489 nati
486 1463 688 1503 spemque
714 1456 926 1504 caputque
952 1465 1116 1504 parens.

125 1506 280 1548 bellum
306 1512 413 1546 erat:
438 1505 508 1546 ille
533 1505 652 1546 ferox
677 1506 822 1560 positis
848 1506 1019 1548 secessit
1044 1506 1097 1547 ab
1123 1506 1248 1547 armis

181 1571 222 1603 et
245 1562 405 1617 patriae
430 1562 567 1616 rigida
590 1570 730 1603 mente
755 1563 928 1617 negavit
952 1577 1087 1616 opem.

125 1619 213 1660 sola
237 1618 373 1659 virum
399 1618 582 1659 coniunx
606 1618 734 1660 flexit.
794 1619 955 1660 felicior
979 1619 1070 1660 illa!

180 1682 220 1717 at
248 1690 360 1724 mea,
386 1674 481 1729 pro!
518 1674 634 1715 nullo
659 1674 843 1729 pondere
868 1675 998 1716 verba
1023 1675 1196 1716 cadunt!

126 1746 201 1773 nec
226 1738 366 1773 tamen
391 1731 599 1785 indignor.
659 1746 737 1772 nec
762 1727 829 1773 nie
854 1746 929 1786 pro
955 1732 1134 1788 coniuge
1158 1733 1271 1787 gessi

181 1788 347 1843 saepius
372 1787 416 1828 in
442 1787 599 1828 domini
623 1802 745 1829 serva
769 1796 918 1829 vocata
943 1796 1093 1830 torum.

122 1859 188 1886 me
214 1844 442 1898 quaedam,
468 1843 659 1892 memIni,
685 1844 899 1886 dominam
925 1846 1092 1900 captiva
1117 1846 1314 1887 vocabat:

179 1900 386 1942 ‘servitio'
414 1900 501 1941 dixi
526 1900 725 1942 ‘nominis
751 1901 869 1942 addis
896 1902 1029 1942 onus.9

122 1972 197 2013 per
219 1965 360 2000 tamen
386 1971 481 1998 ossa
506 1956 583 1998 viri
609 1957 747 1999 subito
774 1959 882 2000 male
908 1966 1019 2000 tecta
1044 1959 1280 2014 sepulchro,

179 2029 342 2070 semper
365 2014 530 2055 iudiciis
556 2029 649 2055 ossa
674 2015 858 2056 verenda
882 2015 997 2064 meis,

121 2086 280 2126 perque
305 2071 430 2113 trium
456 2071 586 2112 fortes
612 2071 793 2120 animas,
819 2087 913 2113 mea
938 2073 1131 2121 numina,
1157 2072 1348 2122 fratrum,

178 2128 250 2182 qui
274 2127 381 2169 bene
407 2142 482 2183 pro
507 2128 642 2183 patria
668 2143 765 2169 cum
789 2129 1008 2183 patriaque
1034 2130 1183 2177 iacent,

121 2199 279 2239 perque
304 2192 425 2226 tuum
448 2192 725 2238 nostrumque
751 2193 896 2240 caput,
922 2200 1030 2239 quae
1056 2186 1268 2228 iunximus
1296 2202 1392 2237 una,

177 2256 335 2295 perque
360 2249 454 2282 tuos
480 2256 620 2291 enses,
646 2242 816 2297 cognita
840 2243 923 2283 tela
948 2243 1064 2291 meis,

120 2298 236 2339 nulla
259 2298 544 2352 Mycenaeum
569 2298 750 2340 sociasse
776 2299 932 2340 cubilia
956 2315 1122 2341 mecum

178 2354 283 2395 iuro.
343 2354 559 2396 fallentem
585 2355 821 2397 deseruisse
846 2356 961 2397 velis.

121 2410 155 2451 si
181 2410 256 2451 tibi
280 2425 392 2451 nunc
418 2411 553 2451 dicam
579 2411 842 2460 ‘fortissime‚
869 2420 915 2453 tu
940 2427 1106 2466 quoque
1131 2413 1222 2453 iura

178 2467 294 2507 nulla
318 2466 394 2507 tibi
419 2467 506 2507 sine
532 2482 599 2508 me
623 2467 781 2521 gaudia
803 2468 949 2515 facta‚’
975 2484 1118 2523 neges.

121 2531 164 2564 at
188 2522 329 2564 Danai
353 2537 539 2564 maerere
564 2531 727 2578 putant.
788 2524 864 2565 tibi
889 2526 1048 2579 plectra
1072 2534 1306 2567 moventur.

178 2587 217 2621 te
243 2586 357 2621 tenet
380 2579 423 2620 in
448 2579 588 2634 tepido
614 2581 750 2621 mollis
776 2581 911 2622 amica
936 2582 1043 2623 sinu.

121 2635 152 2676 si
180 2635 403 2690 quisquam
429 2636 610 2690 quaerit,
638 2651 767 2690 quare
792 2653 983 2693 pugnare
1008 2653 1194 2681 recuses:

177 2707 321 2748 pugna
345 2700 485 2741 nocet,
511 2693 694 2735 citharae
719 2708 888 2748 noxque
914 2710 1130 2750 venusque
1155 2697 1315 2738 iuvant.

120 2748 250 2790 tutius
277 2757 338 2792 est
362 2749 540 2792 iacuisse
567 2757 677 2801 toro,
705 2751 888 2794 tenuisse
913 2753 1112 2808 puellam,

1513 385 1554 416 75

1512 668 1558 700 80

1513 950 1555 981 85

1515 1233 1558 1265 90

1515 1520 1555 1550 95

1493 1804 1556 1834 100

1515 2088 1528 2116 1
1537 2088 1578 2117 05

1514 2373 1576 2401 110

1511 2655 1573 2685 115
