1831 3168
406 246 627 282 AMORUM
652 245 747 280 Llss.
775 246 822 281 11.
851 246 896 290 v,
922 246 1098 291 55-v11‚
1124 244 1179 282 14.

109 326 213 369 vivit
238 334 278 369 et
302 327 522 369 armiferae
548 328 692 369 cornix
717 327 852 369 invisa
877 328 1112 377 Minervae,

167 385 238 425 illa
262 384 433 438 quidem
460 386 606 426 saeclis
632 386 702 426 vix
728 386 930 426 moritura
956 400 1121 426 novem.

110 440 263 482 occidit
289 441 359 482 illa
384 442 540 495 loquax
565 442 774 484 humanae
800 443 912 483 vocis
940 442 1094 496 imago,

166 498 388 552 psittacus,
415 506 601 540 extremo
627 514 779 540 munus
805 499 859 540 ab
884 499 984 540 orbe
1010 500 1167 539 datum.

108 555 269 609 optima
292 555 427 609 prima
452 556 539 597 scre
565 557 759 597 manibus
785 557 1005 612 rapiuntur
1030 555 1185 596 avaris:

166 611 394 666 implentur
417 614 601 654 numeris
627 613 834 655 deteriora
859 613 958 653 suis.

109 667 243 709 tristia
266 668 526 723 Phylacidae
552 670 768 711 Thersites
794 670 943 710 funera
967 669 1089 709 vidit:

165 725 335 779 iamque
361 726 484 775 cinis,
512 727 617 768 vivis
642 727 861 774 fratribus,
888 726 1049 766 Hector
1074 732 1175 766 erat.

109 782 212 836 quid
241 782 420 823 referam
448 783 618 824 timidae
644 798 719 838 pro
745 792 784 824 tc
809 783 879 838 pia
904 789 1001 822 vota
1026 781 1204 836 puellae,

168 846 267 879 vota
291 840 522 894 procelloso
549 855 623 895 per
648 855 762 881 mare
787 847 907 894 rapta
932 838 1057 879 noto?

109 895 289 950 septima
314 896 386 936 lux
411 896 539 945 venit,
566 911 649 938 non
675 896 911 938 exhibitura
936 900 1197 948 sequentem,

167 959 209 993 et
234 952 373 994 stabat
398 968 532 995 vacuo
557 954 642 995 iam
668 954 743 995 tibi
766 953 904 994 Parca
930 951 1033 993 colo.

110 1023 187 1050 nec
213 1016 354 1051 tamen
379 1010 534 1066 ignavo
561 1017 811 1066 stupuerunt
837 1009 968 1050 verba
992 1008 1153 1063 palato:

168 1066 365 1108 clamavit
390 1068 571 1109 moriens
595 1068 741 1122 lingua
767 1064 993 1114 ‘Corinna‚
1019 1063 1152 1106 valel’

109 1123 215 1165 colle
241 1124 320 1165 sub
345 1123 493 1179 Elysio
518 1125 640 1180 nigra
663 1139 812 1166 nemus
837 1123 931 1164 ilice
956 1121 1137 1170 frondet,

167 1180 336 1234 udaque
360 1190 565 1236 perpetuo
588 1181 778 1237 gramine
803 1188 914 1222 terra
938 1179 1058 1220 viret.

112 1237 233 1291 siqua
257 1238 362 1279 fides
388 1238 547 1287 dubiis,
573 1239 791 1279 volucrum
817 1238 934 1278 locus
959 1236 1028 1278 ille
1054 1235 1218 1291 piarum

169 1294 332 1345 dicitur,
358 1294 565 1337 obscenae
591 1309 674 1349 quo
699 1294 976 1350 prohibentur
1001 1308 1114 1335 aves.

110 1352 195 1393 illic
219 1351 390 1394 innocui
414 1351 496 1393 late
521 1359 753 1407 pascuntur
778 1352 926 1400 olores,

169 1415 210 1450 et
233 1409 359 1451 vivax
384 1408 588 1464 phoenix,
612 1410 738 1451 unica
764 1423 929 1464 semper
955 1407 1056 1449 avis.

112 1465 294 1521 explicat
317 1466 410 1522 ipsa
435 1481 531 1508 suas
557 1467 643 1508 ales
667 1466 848 1508 Iunonia
871 1465 1036 1521 pinnas,

170 1524 314 1565 oscula
339 1523 411 1565 dat
435 1523 589 1578 cupido
615 1523 770 1564 blanda
796 1522 992 1564 columba
1015 1520 1134 1562 mari.

113 1580 317 1636 psittacus
343 1579 418 1621 has
443 1580 551 1622 inter
575 1580 778 1622 nemorali
804 1579 902 1621 sede
927 1585 1123 1633 receptus

171 1637 376 1679 convertit
401 1637 593 1678 volucres
618 1637 662 1678 in
687 1652 765 1678 sua
789 1637 919 1678 verba
944 1635 1048 1690 pias.

112 1708 210 1735 ossa
234 1694 339 1749 tegit
363 1694 570 1743 tumulus,
595 1694 783 1735 tumulus
808 1708 883 1749 pro
910 1706 1084 1747 corpore
1111 1704 1306 1745 magnus,

170 1765 255 1805 quo
279 1751 385 1807 lapis
412 1751 590 1806 exiguus
615 1766 692 1806 par
717 1750 796 1791 sibi
821 1765 990 1791 carmen
1016 1748 1144 1789 habet

113 1808 309 1864 ‘eolligor
333 1823 385 1850 ex
409 1809 500 1863 ipso
527 1808 720 1849 dominae
745 1807 953 1862 placuisse
980 1804 1215 1860 sepulchrO.

170 1879 245 1907 ora
268 1865 387 1907 fuere
412 1864 514 1905 mihi
539 1865 635 1920 plus
660 1879 738 1906 ave
764 1864 888 1905 docta
911 1862 1054 1917 loqui.'

747 1966 851 2009 VII.

113 2035 231 2092 Ergo
257 2051 336 2093 ego
362 2036 572 2078 sufficiam
597 2050 694 2077 reus
719 2035 763 2076 in
787 2049 899 2076 nova
923 2032 1099 2075 crimina
1124 2031 1316 2087 semper?

170 2101 218 2135 ut
241 2094 428 2143 vincam,
453 2093 604 2134 totiens
630 2092 871 2134 dimicuisse
894 2091 1024 2146 piget.

116 2150 203 2192 sive
229 2165 308 2205 ego
332 2150 557 2192 marmorei
581 2149 747 2205 respexi
773 2163 938 2190 summa
962 2146 1127 2195 theatri,

174 2206 294 2262 eligis
320 2223 342 2249 e
366 2207 529 2255 multis,
555 2207 668 2248 unde
694 2206 835 2247 dolere
860 2205 984 2246 velis:

116 2264 297 2305 candida
322 2279 396 2305 seu
420 2264 547 2305 tacito
572 2263 677 2304 vidit
702 2277 769 2304 me
794 2261 952 2303 femina
977 2260 1109 2309 vultu,

173 2320 218 2361 in
241 2321 358 2362 vultu
383 2321 530 2362 tacitas
556 2319 698 2374 arguis
725 2334 815 2361 esse
840 2326 974 2359 notas.

117 2377 281 2431 siquam
307 2377 497 2425 laudavi,
523 2377 675 2417 misero
699 2376 808 2431 petis
833 2389 977 2430 ungue
1003 2373 1195 2429 capillos:

175 2434 210 2475 si
236 2434 379 2490 culpo,
406 2434 564 2474 crimen
595 2432 858 2474 dissimulare
883 2441 1020 2486 putas.

118 2491 206 2532 sive
231 2492 368 2532 bonus
394 2491 508 2532 color
532 2497 614 2540 est,
639 2490 683 2530 in
707 2496 748 2531 te
773 2503 941 2543 quoque
966 2486 1146 2542 frigidus
1172 2501 1276 2535 esse,

176 2563 251 2590 seu
275 2548 430 2597 malus,
455 2546 625 2589 alterius
651 2547 767 2588 dicor
791 2559 933 2587 amore
958 2544 1077 2585 mori.

118 2612 245 2658 atque
272 2619 351 2660 ego
377 2604 537 2660 pcccati
561 2604 713 2645 vellem
737 2602 841 2644 mihi
865 2601 1057 2644 conscius
1083 2615 1239 2643 essem:

177 2677 312 2716 aequo
338 2661 477 2703 animo
502 2676 702 2717 poenam,
727 2660 799 2714 qui
823 2674 1032 2707 meruere,
1058 2658 1212 2699 ferunt.

120 2734 232 2761 nunc
257 2727 412 2761 temere
438 2718 674 2767 insimulas,
701 2716 995 2771 credendoque
1021 2715 1161 2757 onmia
1185 2714 1342 2755 frustra.

176 2776 268 2832 ipsa
292 2783 409 2818 vetas
434 2775 540 2817 iram
563 2775 729 2831 pondus
755 2773 911 2816 habere
936 2782 1066 2815 tuam.

1397 233 1480 276 105

1507 337 1547 368 35

1505 622 1550 652 40

1507 904 1550 934 45

1508 1187 1552 1218 50

1510 1472 1551 1503 55

1511 1757 1554 1788 60

1518 2553 1560 2584 10
