1831 3168
364 230 517 267 ARTIS
542 231 847 267 AMATORIAE
872 231 967 266 LIB.
994 231 1042 266 11.
1069 232 1261 268 182-269.

190 328 328 363 curre,
354 328 431 355 nee
456 313 669 369 inceptum
695 313 818 355 turba
843 321 1029 356 moretur
1052 314 1141 356 iter.

132 379 254 413 noete
280 371 452 411 domum
477 378 669 426 repetens
696 371 829 426 epulis
857 371 1079 426 perfuncta
1103 371 1275 413 redibit:

190 435 290 469 tune
315 441 485 481 quoque
511 442 586 483 pro
613 442 754 475 servo,
781 429 815 468 si
841 438 962 469 vocat
988 428 1077 477 illa,
1103 429 1210 469 veni.

133 499 228 525 rure
254 484 352 534 erit,
379 492 419 526 et
445 484 555 525 dicct
581 484 765 526 ‘venias'
790 508 847 513 —
872 485 1008 525 Amor
1032 485 1117 525 odit
1144 485 1295 527 inertes
1321 509 1376 515 -

190 541 223 581 si
248 548 339 582 rota
365 541 563 590 defuerit,
589 549 635 582 tu
661 541 767 596 pede
793 556 916 596 carpe
943 542 1067 582 viam.

132 612 210 639 nee
235 613 365 653 grave
390 606 429 639 te
455 606 621 653 tempus
649 598 877 652 sitiensque
905 596 1112 639 Canicula.
1137 598 1273 639 tardet

189 669 267 696 nec
292 655 361 695 via
386 669 461 709 per
485 655 615 696 iactas
642 655 821 696 candida
845 654 958 696 faeta
982 654 1113 696 nives.

132 711 304 753 militiae
331 711 491 766 speeies
518 726 635 753 amor
660 720 734 753 est.
796 711 1018 759 discedite,
1045 725 1216 765 segnes:

189 782 274 808 non
300 776 397 809 sunt
422 768 526 809 haec
552 768 707 809 timidis
733 768 855 823 signa
880 768 1038 809 tuenda
1062 768 1175 808 viris.

132 839 216 866 nox
242 832 281 866 et
307 825 470 879 hiemps
495 826 730 880 longaeque
756 825 848 866 viae
874 824 1072 878 saevique
1099 824 1262 865 dolores

191 882 386 922 mollibus
412 882 476 922 his
503 882 648 923 eastris
674 890 714 923 et
737 882 858 922 labor
882 881 1016 921 omnis
1042 880 1164 922 inest.

133 953 259 993 saepe
285 938 394 980 feres
419 938 596 980 imbrem
622 938 791 980 caelesti
815 938 927 979 nube
953 937 1152 987 solutum,

190 995 370 1049 frigidus
396 1002 435 1036 et
461 996 576 1036 nuda
601 1010 726 1050 saepe
749 994 906 1036 iacebis
931 994 1073 1035 humo.

136 1050 348 1107 Cynthius
374 1052 548 1093 Admeti
573 1066 723 1094 vaccas
748 1051 914 1106 pavisse
939 1051 1122 1093 Pheraei

190 1109 324 1150 fertur
349 1116 388 1150 ct
413 1109 456 1149 in
482 1124 613 1164 parva
637 1107 850 1150 delituisse
877 1122 987 1149 casa.

131 1165 246 1220 quod
270 1165 495 1207 Phoebum
521 1166 679 1213 decuit,
705 1179 830 1219 quem
856 1179 940 1206 non
966 1165 1110 1207 decet?
1136 1180 1243 1208 exue
1269 1165 1417 1215 fastus,

191 1237 335 1263 euram
360 1222 546 1263 mansuri
572 1222 760 1276 quisquis
786 1222 939 1263 amoris
964 1222 1109 1264 habes.

128 1279 168 1320 >si
192 1278 267 1320 tibi
293 1293 369 1334 per
393 1287 530 1320 tutum
554 1280 812 1334 planumque
837 1279 1062 1334 negabitur
1086 1279 1160 1329 ire,

190 1343 316 1390 atque
342 1336 420 1377 erit
444 1335 637 1391 opposita
661 1335 788 1377 ianua
812 1336 919 1377 fulta
944 1351 1056 1378 sera:

132 1400 174 1434 at
200 1399 246 1433 tu
269 1407 345 1448 per
368 1407 570 1448 praeceps
596 1400 705 1434 tecto
731 1393 926 1435 delabere
952 1400 1111 1449 aperto,

191 1449 262 1491 det
286 1463 455 1504 quoque
481 1449 658 1491 furtivas
684 1450 769 1491 alta
793 1450 978 1492 fenestra
1002 1450 1105 1492 vias.

132 1505 243 1547 laeta·
268 1506 362 1547 erit:
389 1513 430 1547 et
455 1520 625 1547 eausam
650 1506 727 1548 tibi
753 1522 796 1549 se
823 1507 923 1549 sciet
950 1522 1041 1549 esse
1066 1506 1228 1562 pericli:

190 1562 270 1604 hoe
295 1562 489 1604 dominae
515 1563 616 1604 certi
640 1563 796 1618 pignus
822 1564 975 1605 amoris
1001 1564 1090 1605 erit.

133 1634 259 1674 saepe
284 1626 357 1660 tua
380 1627 568 1674 poteras,
593 1619 810 1668 Leandre,
834 1635 976 1662 carere
1001 1621 1161 1676 puella:

189 1676 457 1724 transnabas‚
484 1676 670 1717 animum
695 1684 838 1718 nosset
863 1684 910 1718 ut
934 1677 1005 1718 illa
1029 1684 1162 1718 tuum.

132 1748 210 1775 nec
235 1733 373 1788 pudor
396 1732 588 1781 ancillas,
613 1741 660 1774 ut
685 1747 878 1787 quaeque
905 1734 979 1775 elit
1006 1734 1151 1776 ordine
1176 1734 1326 1790 plima,

190 1804 268 1831 nee
292 1789 370 1830 tibi
394 1790 448 1831 sit
472 1804 613 1831 selvos
640 1789 896 1832 demeruisse
923 1791 1072 1856 pudor.

132 1847 301 1888 nomine
327 1861 538 1901 quemque
564 1861 639 1888 suo
663 1871 721 1876 —-
744 1847 860 1888 nulla
885 1855 947 1889 est
972 1847 1134 1889 iactura
1157 1872 1215 1877 —-
1238 1848 1392 1890 saluta:

189 1904 318 1959 iunge
343 1903 425 1944 tuis
449 1903 648 1952 humiles,
675 1904 913 1953 ambitiose,
939 1919 1103 1945 manus.

133 1961 207 2003 sed
232 1968 372 2002 tamen
397 1968 439 2001 et
463 1974 584 2002 servo
609 1960 732 2013 (lexis
757 1968 819 2002 est
843 1961 1039 2016 inpensa)
1063 1962 1231 2017 roganti

190 2017 357 2082 porrige
381 2017 419 2057 F
422 2024 596 2059 01tunae
622 2032 798 2058 munera
822 2033 954 2073 parva
980 2018 1066 2061 die.

133 2074 299 2129 porrige
325 2082 366 2115 et
391 2074 585 2123 ancillae,
612 2088 698 2128 qua
721 2089 878 2129 poenas
903 2075 997 2117 luce
1021 2076 1223 2131 pependit

188 2131 281 2171 lusa
305 2130 485 2171 maritali
511 2129 663 2172 Gallio
654 2147 678 2172 ι
701 2138 817 2173 veste
843 2147 1006 2173 manus.

131 2187 200 2228 sac
228 2186 412 2241 p,lebem
437 2186 540 2227 mihi
565 2187 708 2236 erede,
734 2195 864 2229 tuam.
925 2189 978 2229 sit
1003 2204 1170 2244 semper
1194 2190 1236 2230 in
1262 2190 1332 2232 illa

189 2202 341 2284 impiitor
365 2251 406 2284 et
431 2243 605 2284 thalami
628 2243 702 2297 qui
725 2243 835 2286 iacet
860 2253 956 2286 ante
982 2245 1106 2287 fores.

132 2314 211 2342 nec
236 2299 449 2341 dominam
473 2299 599 2341 iubeo
623 2300 806 2354 pretioso
832 2316 1006 2343 muneie
1032 2302 1182 2343 dones:

189 2371 339 2412 parva,
366 2356 440 2398 sed
465 2371 487 2397 e
511 2356 653 2411 parvis
679 2356 855 2398 callidus
881 2365 980 2413 apta
1005 2358 1117 2400 dato

132 2413 233 2454 dum
261 2413 367 2454 bene
393 2412 510 2454 dives
537 2427 651 2468 ager,
677 2413 779 2454 dum
802 2415 909 2455 rami
933 2415 1118 2469 pondere
1144 2423 1307 2466 nutant,

190 2469 388 2511 adferat
377 2485 420 2510 111
446 2469 610 2511 calatho
635 2470 793 2511 rustica
817 2470 928 2512 dona
952 2486 1069 2526 puer.

131 2542 227 2568 rure
254 2526 496 2567 suburbano
521 2526 677 2581 poteris
702 2526 778 2568 tibi
805 2527 941 2570 dicere
967 2529 1108 2579 missa,

188 2583 259 2624 illa
284 2583 386 2624 vel
375 2598 418 2624 ln
443 2597 562 2624 sacia
587 2583 669 2624 sint
692 2583 790 2626 lieet
815 2592 956 2640 empta
981 2585 1062 2626 via.

132 2639 296 2681 adferat
321 2646 393 2680 aut
416 2655 541 2689 uvas,
568 2648 641 2682 aut
664 2653 771 2694 quas
796 2641 1027 2697 Amaryllis
1053 2642 1221 2685 amabat
1248 2668 1304 2673 —-

190 2704 232 2737 at
256 2696 336 2737 nisi
362 2704 579 2738 castaneas
605 2711 689 2738 non
715 2705 828 2739 amat
851 2698 923 2739 illa
946 2723 1004 2729 ——
1026 2714 1170 2741 nuces.

131 2752 232 2806 quin
258 2752 386 2795 etiam
410 2753 618 2808 turdoque
643 2754 741 2796 licet
764 2754 977 2811 missaque
1004 2756 1201 2798 columba

1421 223 1503 266 165

1531 837 1593 867 235

1531 1122 1595 1153 ‘240

1529 2262 1593 2293 ‘260
