1831 3168
363 275 445 319 108
820 284 863 319 P.
892 284 1038 320 ovim
1062 283 1279 320 NAsoxls

362 383 430 410 me
456 366 581 409 modo
608 365 821 422 decipiant
845 380 969 408 voces
995 365 1157 408 fallacis
1185 366 1363 409 amicae:

421 423 630 480 sperando
657 430 769 465 certe
795 423 953 478 gaudia
977 438 1136 478 magna
1159 423 1311 465 feram:

293 496 336 526 45
363 489 403 524 et
429 481 555 522 modo
582 479 808 521 blanditias
834 480 966 530 dicat,
992 480 1118 521 modo
1144 480 1282 535 iurgia
1305 488 1464 522 nectat:

419 552 545 593 saepe
570 537 688 578 fruar
713 536 901 587 domina,
928 552 1053 593 saepe
1078 537 1272 592 repulsus
1298 553 1404 579 eam.

361 595 476 649 quod
501 594 656 636 dubius
681 593 802 635 Mars
828 602 909 642 est,
935 609 1010 649 per
1035 602 1096 644 te,
1122 594 1315 650 privigne
1342 592 1532 651 Cupido,
1559 602 1633 637 est.

419 659 460 694 et
484 658 627 693 movet
651 651 845 707 exemplo
871 651 1044 693 vitricus
1069 666 1187 692 arma
1211 658 1297 692 tuo.

361 716 407 750 tu
431 709 537 751 levis
563 723 607 751 es
632 708 852 762 multoque
877 708 961 750 tuis
986 708 1199 750 ventosior
1224 708 1313 757 alis,

291 779 336 809 50
419 766 662 821 gaudiaque
688 766 890 821 ambigua
915 765 1075 820 dasque
1101 779 1319 821 negasque
1344 765 1440 808 fide.

362 823 396 864 si
421 831 563 865 tamen
589 823 764 865 exaudis
791 822 968 878 pulchra
993 837 1090 864 cum
1115 830 1249 864 matre
1274 831 1507 878 rogantem,

417 880 630 922 indeserta
653 894 749 921 meo
774 887 943 935 pectore
968 894 1099 935 regna
1124 879 1244 935 gere!

362 937 567 979 accedant
590 951 742 992 regno,
768 937 945 977 nimium
970 951 1081 992 vaga
1107 937 1251 986 turba,
1276 937 1460 992 puellae:

417 994 625 1036 ambobus
650 994 819 1050 populis
845 994 905 1036 sic
929 993 1196 1036 venerandus
1223 994 1316 1035 eris.

1013 1095 1062 1137 X

360 1165 429 1206 Tu
454 1164 577 1214 mihi,
603 1172 649 1206 tu
675 1171 787 1206 certe
812 1163 1036 1219 (memini),
1064 1162 1295 1214 Graecine‚
1321 1165 1509 1220 negabas

418 1236 502 1263 uno
527 1236 651 1277 posse
677 1222 861 1276 aliquem
886 1229 1074 1277 tempore
1101 1237 1242 1263 amare
1268 1222 1387 1263 duas.

360 1293 436 1334 per
461 1287 502 1321 te
528 1293 608 1334 ego
633 1279 837 1334 decipior:
864 1294 939 1334 per
964 1288 1004 1321 te
1031 1279 1263 1334 deprensus
1288 1279 1473 1329 inermis,

418 1351 537 1385 eece,
564 1336 670 1377 duas
695 1350 779 1377 uno
804 1343 993 1392 tempore
1018 1336 1152 1391 turpis
1178 1351 1285 1377 amo.

360 1400 539 1447 utraque
564 1393 750 1434 formosa
774 1400 855 1442 est,
881 1407 1083 1449 operosae
1110 1393 1292 1434 cultibus
1319 1393 1487 1436 ambae:

417 1450 577 1491 artibus
603 1450 646 1491 in
672 1450 800 1492 dubio
826 1457 889 1492 est
914 1451 1018 1492 haee
1044 1450 1095 1491 sit
1121 1466 1175 1491 an
1199 1451 1271 1491 illa
1295 1450 1422 1506 prior.

359 1507 575 1562 pulchrior
598 1507 678 1548 hac
703 1507 775 1548 illa
800 1514 883 1557 est,
909 1507 1014 1550 haec
1039 1515 1103 1548 est
1128 1521 1297 1561 quoque
1321 1507 1536 1562 pulchrior
1560 1507 1644 1556 illa,

417 1571 459 1606 et
482 1564 619 1619 magis
646 1564 751 1605 haec
775 1565 917 1614 nobis,
945 1571 985 1606 et
1009 1564 1146 1620 magis
1172 1564 1244 1605 illa
1268 1564 1419 1619 placet.

360 1628 520 1670 errant,
546 1628 594 1662 ut
618 1621 755 1662 ventis
781 1621 1045 1663 discordibus
1071 1628 1165 1662 acta
1189 1621 1400 1676 phaselos,

292 1692 333 1722 ιο
418 1678 724 1732 dividuumque
749 1685 894 1720 tenent
919 1679 1024 1720 alter
1049 1685 1091 1720 et
1116 1678 1221 1720 alter
1246 1692 1376 1719 amor.

358 1735 461 1790 quid
484 1735 697 1791 geminas,
725 1734 932 1791 Erycina,
959 1750 1075 1777 meos
1101 1735 1190 1777 sine
1215 1735 1298 1777 fine
1324 1735 1515 1777 dolores?

414 1807 500 1834 non
525 1799 615 1834 erat
639 1792 683 1833 in
710 1807 831 1834 curas
857 1808 943 1834 una
966 1793 1109 1848 puella
1135 1792 1261 1834 satis?

357 1850 460 1904 quid
484 1849 587 1891 folia
613 1849 854 1899 arboribus,
880 1850 983 1904 quid
1008 1850 1133 1905 pleno
1159 1850 1298 1891 sidera
1323 1849 1452 1900 caelo,

414 1907 458 1948 in
482 1906 591 1948 freta
617 1907 812 1948 collectas
839 1907 923 1948 alta
947 1908 1050 1961 quid
1076 1907 1196 1948 addis
1222 1907 1379 1961 aquas?

295 1977 331 2007 15
358 1964 432 2004 sed
456 1970 599 2004 tamen
623 1963 704 2004 hoc
730 1963 899 2013 melius,
926 1979 1053 2018 quam
1080 1964 1114 2004 si
1140 1964 1228 2005 sine
1255 1977 1396 2006 amore
1421 1963 1622 2005 iacerem:

414 2020 607 2061 hostibus
634 2021 800 2061 eveniat
825 2021 912 2061 vita
937 2035 1085 2062 severa
1109 2020 1227 2062 meis.

357 2076 550 2118 hostibus
576 2077 743 2118 eveniat
768 2077 896 2118 viduo
922 2077 1103 2118 dormire
1131 2076 1273 2127 cubili,

415 2141 454 2175 et
480 2134 619 2175 medio
644 2134 739 2175 laxe
764 2148 920 2189 ponere
946 2134 1137 2176 membra
1162 2142 1267 2175 toro.

358 2201 399 2232 at
423 2191 526 2231 mihi
551 2206 702 2232 saevus
729 2206 847 2232 amor
872 2206 1041 2232 somnos
1068 2191 1294 2246 abrumpat
1317 2191 1486 2241 inertes,

289 2262 331 2291 20
415 2248 579 2302 simque
604 2248 687 2289 mei
712 2248 809 2289 lecti
835 2262 919 2289 non
945 2263 1024 2303 ego
1051 2248 1164 2289 solus
1190 2263 1309 2289 onus.

356 2319 423 2346 me
450 2320 544 2346 mea
569 2305 786 2360 disperdat
811 2305 927 2346 nullo
953 2305 1202 2361 prohibente
1227 2306 1382 2360 puella,

413 2361 447 2402 si
473 2362 574 2403 satis
599 2377 685 2403 una
709 2369 866 2417 potest:
894 2363 927 2404 si
953 2362 1092 2403 minus
1118 2377 1223 2411 una,
1250 2363 1372 2404 duae.

356 2419 585 2460 sufficiam:
611 2420 811 2475 graciles,
837 2434 921 2461 non
947 2426 1046 2461 sunt
1071 2419 1159 2462 sine
1185 2419 1344 2461 viribus
1370 2426 1483 2461 artus
1493 2436 1503 2469 3

413 2476 618 2531 pondere,
644 2491 730 2517 non
754 2477 894 2518 nervis
921 2491 1097 2532 corpora
1121 2484 1263 2518 nostra
1290 2484 1445 2518 carent.

288 2546 329 2576 25
357 2541 398 2574 et
422 2533 543 2574 lateri
568 2533 686 2574 dabit
709 2534 752 2575 in
777 2534 887 2576 vires
913 2535 1112 2575 alimenta
1137 2534 1353 2588 voluptas:

414 2590 590 2645 decepta
615 2597 678 2632 est
703 2605 831 2646 opera
854 2591 971 2632 nulla
995 2592 1136 2646 puella
1159 2606 1267 2632 mea.

357 2661 482 2701 saepe
508 2662 607 2702 ego,
633 2648 815 2690 lascivae
842 2655 1091 2703 consumpto
1117 2655 1306 2703 tempore
1330 2647 1478 2696 noctis,

412 2703 525 2744 utilis
551 2712 591 2745 et
616 2704 714 2745 forti
740 2719 913 2760 corpore
939 2721 1062 2747 mane
1087 2705 1163 2747 fui.

355 2759 475 2808 felix,
502 2774 628 2813 quem
654 2761 833 2803 Veneris
860 2762 1089 2804 certamina
1113 2769 1262 2804 mutua
1286 2761 1482 2818 perdunt.

286 2829 330 2860 30
413 2816 455 2856 di
479 2816 655 2867 faciant,
682 2818 754 2859 leti
780 2833 908 2860 causa
934 2819 984 2860 sit
1010 2819 1091 2860 ista
1117 2818 1218 2861 mci!

312 1406 332 1436 επ
