1831 3168
440 242 782 279 REMEDIORUM
806 242 997 279 AMORIS
1022 243 1215 278 256—343.
1429 233 1456 275 2
1460 233 1515 276 03

203 331 242 365 et
267 338 375 379 pone
402 331 498 366 ante
523 324 667 366 oculos
693 325 832 366 omnia
858 325 1011 366 damna
1036 333 1143 366 tuos
1488 320 1491 323 ⁵
1543 337 1612 368 300

143 380 266 421 ‘illud
292 388 332 422 et
357 380 461 422 illud
486 380 632 430 habet,
659 396 736 424 neo
761 397 811 423 ea
836 390 1032 423 contenta
1056 382 1203 436 rapina
1229 389 1309 423 est:

201 436 279 478 sub
305 437 472 478 titulum
498 446 663 479 nostros
689 438 801 480 misit
827 454 954 480 avara.
978 438 1099 480 lares.

143 493 202 535 sic
227 493 330 534 mihi
354 494 526 543 iuravit,
553 495 611 536 sic
636 510 702 536 me
727 495 863 536 iurata
888 495 1050 543 fefellit,

205 558 300 592 ante
327 566 424 592 suas
450 552 644 604 quotiens
670 567 794 607 passa
818 552 954 594 iacere
979 551 1110 592 fores!

144 607 280 662 diligit
304 607 397 662 ipsa
422 608 544 658 alios,
571 624 595 649 a
620 623 686 650 me
712 608 872 650 fastidit
897 608 1041 649 amari.
1543 620 1610 651 305

199 664 375 713 institor,
401 664 503 714 heu,
530 674 693 714 noctes,
720 679 825 719 quas
849 665 952 705 mihi
976 679 1062 705 non
1087 664 1176 713 dat,
1203 663 1368 705 liabetl’

142 720 247 762 hacc
272 721 347 762 tibi
372 736 447 776 per
471 729 580 763 totos
605 722 846 763 inacescant
871 721 1012 763 omnia
1038 735 1205 763 sensus:

200 777 304 819 haec
329 778 452 827 refer,
479 778 576 820 hinc
601 779 684 819 odii
710 778 870 820 semina
895 792 1051 831 quaere
1079 777 1152 818 tui.

143 843 268 889 atque
294 835 455 876 utinam
481 835 616 890 possis
643 835 768 877 etiam
793 834 1001 876 facundus
1027 834 1070 875 in
1094 834 1175 874 illis

199 891 308 933 esse!
348 891 440 933 dole
467 900 648 933 tantum:
675 899 823 947 sponte
849 891 1027 933 disertus
1053 890 1146 932 eris.
1543 904 1609 935 310

140 947 333 990 haeserat
357 948 400 989 in
426 949 609 1002 quadam
634 964 768 1003 nuper
792 963 886 989 mea
911 963 1011 989 cura
1036 947 1196 1002 puella:

199 1005 453 1046 conveniens
480 1005 619 1046 animo
644 1020 726 1046 non
754 1013 840 1046 erat
866 1005 937 1046 illa
962 1017 1076 1045 meo:

141 1061 321 1103 Curabar
344 1062 523 1117 propriis
550 1077 676 1117 aeger
699 1061 939 1103 Podalirius
963 1061 1119 1110 herbis,

198 1126 256 1167 et,
282 1119 430 1167 fateor,
457 1119 644 1160 medicus
671 1119 848 1173 turpiter
872 1133 999 1173 aeger
1024 1133 1151 1160 eram.

139 1175 298 1231 profuit
323 1175 498 1217 adsidue
524 1175 635 1217 vitiis
659 1175 849 1217 insistere
875 1175 1048 1224 amicae,
1540 1188 1606 1219 315

196 1232 323 1286 idque
348 1232 451 1273 mihi
476 1232 636 1273 factum
662 1247 787 1287 saepe
813 1232 981 1274 salubre
1006 1231 1098 1272 fuit.

141 1293 287 1343 ‘quam
312 1289 441 1330 mala'
469 1289 662 1330 dicebam
688 1294 872 1331 ‘nostrae
898 1296 996 1330 sunt
1021 1303 1144 1330 crura
1168 1287 1374 1344 puellael'

194 1360 273 1387 nec
298 1354 458 1395 tamen,
484 1354 530 1387 ut
554 1361 651 1387 vere
678 1346 967 1395 confiteamur,
994 1353 1126 1387 erant.

138 1401 329 1445 ‘brachia
354 1416 482 1456 quam
506 1417 591 1444 non
617 1411 712 1445 sunt
736 1411 904 1445 nostrae
928 1403 1114 1444 formosa
1139 1401 1326 1458 puellae!
1341 1402 1350 1419 ’

195 1467 236 1501 et
260 1468 420 1508 tamen,
445 1468 492 1501 ut
517 1475 614 1502 vere
639 1461 927 1509 confiteamur,
954 1468 1084 1502 erant.
1536 1473 1602 1502 320

137 1519 286 1569 ‘quam
308 1516 447 1557 brevis
468 1516 568 1558 estl'
594 1531 672 1558 nec
692 1525 793 1559 erat.
827 1521 973 1571 ‘quam
991 1517 1172 1558 multum
1190 1515 1326 1572 poscit
1346 1516 1577 1558 amantem!
1593 1516 1603 1532 ³

195 1572 300 1614 haec
326 1572 421 1613 odio
446 1573 560 1614 venit
584 1574 770 1614 maxima
795 1588 923 1615 causa
948 1588 1056 1615 meo.

138 1642 177 1670 et
203 1629 314 1670 mala
340 1637 436 1670 sunt
462 1629 599 1671 vicina
624 1630 759 1675 bonis.
822 1645 959 1671 errore
986 1630 1064 1671 sub
1089 1630 1161 1672 illo

195 1700 270 1741 pro
297 1686 398 1727 vitio
425 1686 556 1727 virtus
583 1687 757 1728 crimina
783 1702 908 1742 saepe
936 1687 1042 1728 tulit.

138 1757 221 1797 qua
246 1750 384 1797 potes,
410 1743 453 1783 in
478 1743 597 1798 peius
623 1744 740 1785 dotes
767 1744 941 1785 deflecte
966 1743 1132 1798 puellae
1536 1758 1602 1789 325

193 1799 481 1853 iudiciumque
507 1799 625 1841 brevi
648 1800 780 1842 limite
806 1800 903 1842 falle
929 1808 1062 1841 tuum.

136 1856 324 1911 turgida,
351 1856 386 1897 si
410 1857 535 1911 plena
561 1866 641 1905 est3
669 1857 703 1898 si
727 1857 848 1898 fusca
874 1865 954 1906 est,
980 1857 1101 1912 nigra
1126 1865 1318 1899 vocetur:

192 1914 235 1954 in
261 1913 408 1968 gracili
434 1914 589 1954 macies
616 1914 773 1956 crimen
798 1914 953 1956 habere
979 1921 1130 1969 potest.

137 1977 178 2012 et
201 1970 353 2025 poterit
379 1969 460 2011 dici
485 1971 699 2024 petulans,
727 1985 835 2024 quae
862 1970 1018 2012 rustica
1041 1985 1126 2011 non
1152 1978 1232 2012 est:

194 2038 233 2068 et
259 2027 411 2082 poterit
437 2027 518 2068 dici
542 2027 717 2076 rustica,
744 2028 866 2081 siqua
891 2027 1023 2082 proba
1048 2036 1124 2068 est.

135 2084 238 2138 quin
263 2084 409 2132 etiam,
437 2098 704 2138 quacumque
731 2093 844 2126 caret
870 2093 943 2125 tua
967 2084 1126 2126 femina
1151 2084 1263 2134 dote,

192 2140 301 2182 hanc
325 2149 512 2189 moveat,
538 2141 702 2182 blandis
729 2156 864 2195 usque
889 2156 1061 2196 precare
1088 2142 1213 2182 sonis.

137 2197 259 2251 exige
285 2197 345 2238 uti
371 2205 528 2245 cantet,
555 2198 676 2250 siqua
701 2206 761 2239 est
788 2198 876 2238 sine
902 2212 1006 2239 voce
1031 2198 1190 2252 puella:

193 2254 261 2294 sac
287 2254 425 2302 saltet,
452 2254 584 2294 nescit
609 2254 729 2307 siqua
753 2268 922 2295 movere
948 2269 1134 2294 manum.

136 2310 317 2351 barbara
343 2325 533 2351 sermone
560 2310 647 2351 est?
683 2310 751 2351 fac
776 2318 916 2351 tecum
941 2310 1073 2351 multa
1097 2310 1306 2364 loquatur.
1340 2352 1349 2361 ‚
1535 2325 1600 2355 335

193 2381 278 2408 non
304 2366 449 2407 didicit
474 2366 651 2407 chordas
677 2367 875 2421 tangere?
911 2381 1037 2421 posce
1062 2367 1210 2420 lyram.

138 2423 284 2465 durius
309 2423 492 2464 incedit?
528 2423 596 2464 fac
621 2423 866 2465 inambulet.
927 2437 1049 2464 omne
1074 2423 1255 2478 papillae

194 2488 341 2535 pectus
366 2480 548 2521 habent?
583 2480 732 2521 vitium
756 2479 888 2522 fascia
912 2480 1028 2521 nulla
1053 2488 1181 2535 tegat.

137 2538 173 2578 si
196 2537 306 2590 male
333 2537 502 2578 dentata
528 2544 609 2583 est,
636 2552 778 2585 narra,
804 2537 917 2591 quod
941 2537 1094 2587 rideat,
1119 2537 1192 2578 illi.

193 2593 390 2634 mollibus
415 2601 476 2635 est
501 2594 657 2635 oculis?
695 2594 808 2647 quod
831 2594 929 2635 fleat
952 2594 1042 2642 illa,
1067 2593 1190 2635 refer.
1533 2608 1600 2640 340

136 2651 321 2706 proderit
348 2659 388 2692 et
413 2650 572 2700 subito,
598 2665 694 2692 cum
720 2666 764 2692 se
788 2665 874 2691 non
897 2650 1064 2692 finxerit
1089 2650 1177 2700 ulli,

197 2707 249 2748 ad
275 2707 488 2748 dominam
516 2707 672 2749 celeres
696 2722 820 2749 mane
844 2707 988 2749 tulisse
1013 2707 1184 2762 gradus.

137 2764 368 2806 auferimur
392 2765 520 2806 cultu.
579 2764 758 2820 gemmis
784 2778 970 2819 auroque
996 2771 1196 2820 teguntur

1537 2042 1555 2071 ω

1560 2042 1577 2072 02

1582 2043 1605 2072 Φ
