1831 3168
319 210 403 254 160
775 218 817 253 P,
845 218 989 254 ovim
1014 217 1231 254 NASONIS

375 301 554 344 candida
579 315 674 342 eum
700 307 821 355 rapta
846 299 1024 355 coniuge
1050 300 1144 342 vela
1169 299 1297 341 dedit.

316 359 409 400 t1lis
435 365 542 407 erat,
567 357 641 411 qui
667 365 706 398 te
733 372 858 398 curru
883 357 1039 398 xictole
1064 357 1241 406 ferebat,

373 423 493 456 vecta
517 413 748 469 peregiinis
775 413 1062 479 Hippodamia
1086 413 1200 455 rotis.

316 471 417 525 quid
441 485 605 526 pr·0pe1‹
596 486 660 520 as,
686 470 874 512 iuvenis?
910 469 1059 511 mediis
1086 478 1159 511 tua
1183 469 1308 525 pinus
1333 470 1376 511 in
1401 471 1526 512 undis

250 543 291 573 10
371 528 565 583 navigat,
592 535 631 569 et
658 528 803 582 longe,
830 541 956 580 quem
980 534 1099 582 peto,
1124 534 1271 582 portus
1297 527 1427 569 abest.

314 599 398 625 non
424 585 524 626 satis
550 592 612 626 est
637 584 802 626 venisse
827 584 902 625 tibi
928 600 995 626 me
1021 593 1115 625 vate
1140 584 1344 639 puellam:

372 649 459 683 arte
485 656 579 683 mea
603 648 726 696 capta
751 648 832 689 est,
858 648 946 682 arte
971 641 1152 682 tenenda
1177 655 1271 682 mea
1296 648 1371 682 cst.

314 713 392 740 nec
417 698 554 739 minor
579 705 642 739 cst
666 698 798 738 virtus
823 712 950 752 quam
975 712 1190 752 quaerere,
1215 705 1336 752 parta
1360 697 1479 739 tueri.

373 770 494 796 casus
520 755 629 796 inest
653 755 755 796 illic:
782 754 861 796 hoc
887 755 964 797 erit
989 755 1088 796 artis
1115 769 1233 808 opus.

249 826 288 855 15
315 827 426 853 nune
451 811 572 861 mihi,
599 811 824 865 siquando,
850 827 955 866 puer
980 819 1020 853 et
1046 810 1278 866 Cytherea,
1304 810 1457 861 favete,

370 883 483 910 nunc
508 868 651 910 Erato.
711 884 809 910 nam
834 877 880 909 tu
904 883 1058 909 nomen
1083 868 1234 909 amoris
1260 868 1404 909 habes.

315 940 470 979 magna
493 940 616 980 paro,
642 940 747 979 quas
771 925 904 980 possit
928 925 1064 966 Amor
1088 939 1305 966 remanere
1330 939 1405 980 per
1430 932 1555 973 arte&

373 983 530 1032 dicere,
556 991 642 1023 tam
668 991 785 1023 vasto
811 997 1021 1038 pervagus
1047 982 1148 1024 orbe
1173 997 1290 1036 puer.

316 1047 356 1081 et
381 1039 485 1080 levis
511 1047 573 1081 est
599 1047 640 1081 et
664 1039 791 1081 habet
815 1040 1026 1094 geminas,
1053 1039 1207 1092 quibus
1234 1039 1385 1088 avolet,
1412 1038 1518 1079 alas:

248 1108 290 1139 20
373 1095 543 1138 difficile
569 1104 630 1137 est
656 1096 736 1137 illis
760 1096 994 1151 inposuisse
1020 1095 1206 1137 modum.

315 1152 491 1207 hospitis
518 1153 676 1207 effugio
701 1161 1012 1208 praestruxerat
1037 1153 1177 1193 omnia
1201 1152 1365 1194 Minos:

373 1209 575 1251 audacem
601 1210 740 1264 pinnis
766 1210 950 1264 repperit
974 1210 1042 1250 ille
1067 1210 1193 1250 viam.

314 1266 533 1307 Daedalus
558 1274 605 1307 ut
629 1267 776 1308 clausit
802 1274 1052 1322 conceptum
1078 1266 1249 1307 crimine
1274 1265 1418 1306 matris

375 1323 717 1376 semibovemque
743 1323 879 1364 virum
906 1323 1234 1377 semivirumque
1259 1322 1427 1372 bovem,

247 1392 288 1422 ‘25
319 1380 387 1421 ‘sit
416 1379 565 1420 modus
592 1379 744 1430 exili0,'
771 1380 876 1421 dixit
902 1380 1146 1421 ‘iustissime
1171 1379 1334 1420 Minos:

371 1436 548 1491 accipiat
574 1436 734 1478 cineres
759 1445 870 1478 terra
894 1444 1068 1492 paterna
1092 1451 1221 1478 meos.

314 1501 355 1534 et
381 1493 579 1546 quoniam
604 1493 648 1534 in
672 1494 828 1548 patria,
854 1492 950 1534 fatis
977 1493 1160 1549 agitatus
1185 1492 1353 1546 iniquis,

371 1549 513 1591 vivere
537 1566 624 1592 non
647 1550 784 1605 potui,
811 1550 864 1590 da
889 1530 1028 1591 mihiO
1015 1565 1139 1604 posse
1164 1550 1284 1590 mori.

314 1606 367 1647 da
392 1606 574 1648 reditum
598 1621 749 1662 puero,
775 1607 885 1648 senis
911 1614 973 1648 est
998 1607 1033 1647 si
1057 1607 1193 1663 gratia
1217 1606 1331 1648 vilis.

246 1676 288 1705 30
371 1663 406 1704 si
430 1678 515 1704 non
539 1663 602 1704 vis
628 1678 759 1719 pueio
784 1678 975 1719 parcme,
1001 1679 1127 1719 parce
1153 1663 1269 1705 seni?

314 1719 476 1761 dixerat
500 1719 617 1762 haec.
678 1720 753 1762 sed
777 1728 818 1762 et
842 1720 947 1762 haee
973 1729 1014 1762 et
1038 1721 1170 1762 multo
1195 1721 1318 1775 plura
1341 1719 1496 1763 licebat

369 1776 525 1818 dicere:
551 1792 767 1832 regressus
793 1792 878 1819 non
904 1777 1032 1819 dabat
1056 1778 1125 1819 ille
1151 1778 1254 1819 viro.

311 1834 425 1887 quod
452 1833 574 1874 simul
600 1841 647 1874 ut
673 1835 822 1883 sensit,
850 1839 999 1883 ‘nunc‚
1025 1849 1156 1883 nunc,
1183 1849 1207 1875 o
1233 1834 1452 1886 Daedale,’
1480 1833 1587 1875 dixit

370 1890 626 1939 ‘materiam,
652 1905 736 1944 qua
761 1891 816 1931 sis
841 1891 1106 1945 ingeniosus,
1131 1891 1276 1932 habes.

247 1958 288 1988 35
314 1946 503 2001 possidet
529 1953 569 1987 et
593 1954 724 1988 terras
750 1954 790 1988 et
814 1948 1001 2001 possidet
1027 1962 1210 2001 aequora
1236 1948 1398 1989 Minos:

368 2017 446 2044 nee
471 2003 593 2044 tellus
619 2010 786 2045 nostrae
811 2018 888 2045 nee
913 2011 1029 2058 patet
1053 2005 1166 2045 unda
1191 2004 1331 2059 fugae.

310 2067 439 2102 restat
463 2059 542 2101 iter
567 2060 691 2101 caeli:
717 2060 832 2101 eaelo
858 2060 1157 2115 temptabimus
1182 2061 1254 2103 ire.

370 2117 423 2157 da
447 2116 614 2158 veniam
639 2124 805 2172 coepto,
831 2117 1023 2172 Iuppiter
1048 2117 1148 2167 alte,
1173 2132 1280 2159 meo.

309 2188 393 2215 non
418 2187 497 2228 ego
524 2173 706 2215 sidereas
732 2173 898 2215 adfecto
924 2181 1097 2229 tangere
1123 2174 1263 2216 sedes:

239 2243 283 2272 40
366 2245 450 2284 qua
474 2229 637 2285 fugiam
663 2230 901 2280 dominum,
927 2231 1043 2272 nulla
1067 2231 1147 2272 nisi
1172 2231 1252 2272 ista
1276 2231 1345 2272 via
1370 2238 1445 2273 est.

307 2302 382 2342 per
409 2285 544 2341 Styga
569 2287 692 2328 detur
715 2287 812 2329 iter:
840 2286 1012 2343 Stygias
1039 2288 1350 2330 transnabimus
1375 2287 1524 2329 undas.

365 2344 444 2384 sint
469 2343 572 2384 mihi
597 2351 772 2386 naturae
797 2344 889 2386 iura
913 2344 1109 2386 novanda
1133 2345 1279 2386 meae.'

306 2400 523 2456 ingenium
550 2401 659 2441 mala
684 2416 810 2456 saepe
835 2409 1018 2443 movent.
1080 2402 1173 2456 quis
1200 2401 1388 2444 crederet
1412 2415 1629 2457 umquam,

365 2457 497 2498 a'eiias
522 2457 734 2499 hominem
761 2473 931 2513 carpere
956 2473 1079 2513 posse
1105 2458 1220 2500 vias?

239 2525 280 2554 45
307 2513 532 2568 remigium
556 2515 776 2556 volucrum
802 2515 1021 2570 disponit
1010 2531 1053 2556 111
1079 2516 1223 2557 ordine
1247 2515 1397 2571 pinnas

363 2577 403 2610 ct
426 2570 519 2611 leve
544 2585 619 2626 per
642 2571 716 2612 lini
741 2572 910 2613 vincula
934 2572 1063 2614 nectit
1088 2586 1207 2627 opus,

304 2625 473 2679 imaque
498 2642 594 2681 pars
620 2628 726 2669 ceris
751 2628 1060 2683 adstringitur
1049 2644 1148 2684 igne
1174 2629 1335 2679 solutis,

361 2682 588 2737 finitusque
613 2699 748 2727 novae
772 2685 858 2726 iam
882 2685 1001 2726 labor
1026 2686 1125 2727 artis
1152 2694 1253 2728 erat.

303 2738 508 2781 tractabat
534 2754 758 2795 ceramque
782 2756 888 2796 puer
911 2742 1146 2798 pinnasque
1171 2742 1380 2791 renidens,
