1831 3168
284 247 366 290 180
736 255 780 290 Ρ.
808 256 955 292 ovim
980 255 1199 293 NASONIS

341 340 497 394 elegat,
524 345 563 380 et
590 338 810 393 speculum
836 338 1029 380 consulat
1053 345 1149 380 ante
1174 353 1311 380 suum.

282 397 410 450 longa
435 395 587 450 probat
611 394 741 436 facies
768 395 916 450 capitis
943 395 1185 437 discrimina
1208 397 1323 451 puri:

341 453 399 493 sic
425 460 512 493 erat
539 451 697 493 ornatis
723 452 960 494 Laodamia
985 452 1129 494 comis.

283 509 484 564 exiguum
510 523 676 550 summa
699 509 859 551 nodum
885 509 964 551 sibi
990 509 1128 551 fronte
1153 509 1348 564 relinqui,

194 581 256 610 110
339 574 383 607 111
410 574 582 621 pateant
607 581 748 616 aures,
775 581 848 608 ora
873 566 1054 608 rotunda
1079 566 1239 608 volunt.

282 623 451 664 alterius
478 623 613 665 crines
639 638 784 665 umero
810 624 1017 666 iactentur
1042 632 1238 678 utroque:

339 680 432 721 talis
458 695 502 722 es
528 680 774 736 adsumpta,
801 681 977 723 Phoebe
1004 695 1171 730 canore,
1196 680 1300 735 lyra.

283 737 414 779 altera
439 737 677 779 succinctae
702 738 905 793 religetur
929 752 1044 780 more
1069 737 1251 786 Dianae,

339 802 383 835 ut
411 794 536 844 solet,
563 795 760 836 attonitas
786 810 882 836 cum
908 795 1011 851 petit
1036 795 1107 836 illa
1132 794 1255 836 feras.

196 865 258 894 115
284 851 382 892 huic
408 851 528 893 decet
553 852 718 893 inflatos
743 852 838 894 laxe
864 852 1042 894 iacuisse
1069 852 1263 907 capillos:

339 908 410 949 illa
436 909 487 950 sit
514 909 722 951 adstrictis
747 909 1017 965 impedienda
1044 909 1187 950 comis.

281 965 391 1007 hanc
415 966 552 1021 placet
577 966 716 1007 ornari
741 967 952 1008 testudine
980 965 1204 1021 Cyllenea:

340 1023 544 1065 sustineat
570 1023 724 1065 similes
750 1024 948 1065 fluctibus
973 1023 1044 1065 illa
1069 1024 1198 1064 sinus.

283 1080 357 1122 sed
382 1094 519 1134 neque
544 1095 711 1121 ramosa
735 1081 977 1123 numerabis
1002 1081 1045 1122 in
1070 1080 1164 1122 ilice
1189 1079 1380 1136 glandes,

193 1151 257 1181 150
339 1152 418 1179 1100
442 1144 545 1191 quot
569 1152 670 1192 apes
696 1138 886 1192 Hyblae,
912 1152 991 1180 nec
1016 1146 1118 1192 quot
1143 1137 1185 1178 in
1211 1137 1323 1193 Alpe
1349 1137 1478 1186 ferae,

281 1209 360 1237 nec
384 1194 486 1235 mihi
511 1202 571 1235 tot
594 1195 755 1250 positus
780 1209 957 1236 numero
984 1195 1270 1250 conprendere
1297 1194 1361 1236 fas
1387 1205 1462 1236 cst.

340 1251 468 1293 adicit
494 1262 666 1293 ornatus
692 1252 885 1307 proxima
910 1266 1103 1306 quaeque
1130 1252 1231 1293 dies.

284 1316 325 1351 et.
348 1308 538 1350 neclecta
563 1308 684 1350 decet
709 1309 863 1350 multas
889 1323 1022 1350 coma.
1084 1324 1209 1364 saepe
1234 1308 1370 1350 iacere

339 1365 579 1407 hesternam
607 1365 772 1407 credas:
799 1365 871 1407 illa
895 1381 1052 1421 repexa
1077 1366 1256 1406 modost.

194 1436 256 1467 155
283 1438 349 1464 ars
375 1437 477 1464 casu
503 1422 663 1463 similis.
725 1422 783 1464 sic
809 1430 934 1478 capta
958 1423 1062 1463 vidit
1087 1431 1133 1463 ut
1157 1422 1261 1464 urbe

340 1479 515 1520 Alcides
541 1479 680 1528 Iolen,
710 1479 838 1521 ‘hanc
863 1479 961 1535 ego’
989 1479 1093 1520 dixit
1118 1479 1260 1520 ‘amo.’

282 1537 410 1578 talem
435 1544 475 1578 te
501 1535 719 1585 Bacchus,
747 1534 911 1591 Satyris
937 1536 1216 1577 clamantibus
1244 1535 1415 1578 ‘euhoe’

339 1593 506 1635 sustulit
531 1593 575 1634 in
601 1608 768 1643 currus,
796 1592 932 1635 Gnosi
957 1593 1121 1643 relicta,
1148 1607 1260 1634 suos.

282 1666 305 1692 0
332 1658 537 1705 quantum
562 1650 756 1706 indulget
779 1660 918 1692 vestro
943 1657 1094 1697 natura
1119 1650 1274 1699 decori,

193 1721 257 1752 160
340 1722 522 1762 quarum
549 1716 645 1749 sunt
672 1708 814 1749 multis
841 1708 996 1749 damna
1020 1707 1177 1763 pianda
1202 1707 1357 1749 modis!

281 1780 358 1807 nos
382 1765 493 1807 male
520 1765 779 1820 detegimur,
805 1765 998 1820 raptique
1024 1773 1161 1806 aetate
1187 1765 1341 1820 capilli,

338 1829 384 1863 ut
410 1822 538 1864 borea
562 1821 734 1864 frondes
760 1822 1018 1871 excutiente,
1046 1822 1215 1863 cadunt.

281 1879 440 1921 semina
464 1879 660 1921 canitiem
687 1878 914 1921 Germanis
938 1879 1069 1921 inficit
1095 1879 1249 1927 herbis,

339 1944 381 1977 et
404 1936 553 1978 melior
576 1951 676 1977 vero
702 1936 919 1989 quaeritur
943 1945 1030 1978 arte
1057 1937 1191 1977 color:

193 2005 256 2036 105
282 1992 441 2034 femina
465 1993 655 2047 procedit
682 1992 932 2034 densissima
957 1993 1143 2034 crinibus
1169 1992 1321 2047 emptis

338 2063 498 2104 proque
524 2049 611 2090 suis
637 2049 739 2090 alios
766 2049 895 2091 efficit
920 2064 1015 2091 aere
1040 2063 1151 2090 suos.

281 2121 360 2149 nec
385 2106 513 2147 rubor
538 2113 600 2148 est
625 2106 776 2148 emisse
801 2106 954 2161 palam.
1015 2106 1158 2148 venire
1184 2105 1376 2147 videmus

338 2163 537 2205 Herculis
563 2171 659 2205 ante
687 2163 830 2205 oculos
857 2163 1182 2218 virgineumque
1208 2162 1396 2204 chorum.
1422 2187 1479 2192 ——-

282 2220 386 2275 quid
410 2220 462 2262 de
487 2227 604 2262 veste
629 2219 802 2274 loquar?
839 2235 917 2261 nec
941 2235 1054 2261 nunc
1079 2228 1300 2275 segmenta
1323 2220 1506 2274 requiro,

192 2290 256 2321 170
337 2292 415 2319 nec
440 2291 549 2331 quae
575 2277 627 2319 de
651 2277 783 2332 Tyrio
808 2277 986 2326 murice,
1013 2277 1129 2326 lana,
1154 2277 1294 2319 rubes.

282 2349 376 2376 cum
403 2342 465 2376 tot
489 2334 719 2390 prodierint
743 2334 877 2390 pretio
902 2335 1057 2376 leviore
1083 2334 1256 2384 colores,

339 2392 432 2445 quis
458 2391 576 2432 furor
601 2400 684 2442 cst,
710 2406 861 2434 census
887 2406 1061 2446 corpore
1087 2391 1196 2433 ferre
1223 2391 1347 2433 suos?

282 2448 389 2490 a‘e'ris
415 2463 511 2490 ecce
538 2449 664 2498 color,
691 2456 782 2490 tum
807 2463 903 2490 cum
929 2449 1018 2490 sine
1044 2448 1228 2490 nubibus
1255 2452 1339 2497 ae'r,

338 2520 416 2547 nec
441 2505 608 2560 tepidus
634 2506 800 2561 pluvias
826 2505 1006 2547 concitat
1032 2514 1173 2547 auster
1197 2519 1349 2560 aquas:

193 2576 255 2606 175
283 2577 378 2604 ecce
404 2562 479 2603 tibi
505 2562 670 2611 similis,
696 2577 804 2617 quae
829 2562 1043 2616 quondam
1068 2562 1260 2604 Phrixon
1285 2569 1326 2604 et
1350 2562 1505 2604 Hellen

339 2619 489 2661 diceris
514 2620 630 2661 Inois
656 2620 861 2675 eripuisse
887 2619 1005 2660 dolis.

283 2675 350 2717 hic
375 2675 510 2717 undas
536 2676 738 2726 imitatur,
763 2676 892 2717 habet
917 2690 1085 2730 quoque
1111 2690 1265 2717 nomen
1291 2675 1344 2717 ab
1369 2675 1514 2717 undis:

340 2732 588 2773 crediderim
612 2733 835 2788 Nymphas
861 2732 940 2774 hac
965 2748 1045 2787 ego
1072 2741 1187 2774 veste
1213 2733 1312 2788 tegi.

282 2789 352 2830 ille
380 2802 547 2830 crocum
574 2790 755 2830 simulat.
817 2804 964 2832 crocco
990 2790 1154 2831 velatur
1179 2790 1348 2839 amictu,
