1831 3168
427 271 579 308 ARTIS
604 272 907 309 AMATORIAE
931 273 1028 308 LIB.
1056 274 1124 308 111.
1151 274 1343 308 22-1—311.

261 359 417 402 sumat,
444 362 483 395 et
510 368 560 395 ex
587 354 740 396 umeris
766 355 886 396 laxus
913 354 1090 396 amictus
1116 363 1194 397 eat.

203 410 359 465 pallida
383 411 605 465 purpureis
630 419 775 466 tangat
801 427 878 453 sua
903 426 1078 466 corpora
1102 412 1251 466 virgis:

263 466 315 506 ni
306 466 420 521 rrior
445 467 496 507 ad
521 466 667 508 Pharii
693 468 874 523 confuge
900 468 1024 523 piscis
1050 482 1185 522 opem.

204 537 277 577 pes
304 523 473 563 ιιιιιΙιι5
463 539 504 564 ιιι
530 524 653 565 nivea
678 540 842 579 semper
867 525 1023 566 celetur
1048 526 1178 565 aluta·

263 579 379 620 arida
404 594 480 621 neo
506 580 652 622 xinclis
679 595 800 622 crura
824 582 984 623 resolve
1010 581 1108 621 suis.

206 636 459 677 conveniunt
485 644 629 678 tenues
655 638 835 692 scapulis
861 637 1139 692 analeptrides
1164 637 1270 678 altis.

263 700 488 747 angustum
515 693 624 734 circa
648 693 779 735 fascia
802 702 949 749 pectus
975 701 1054 735 eat.

207 749 359 804 exicruo
387 749 522 803 signet
546 758 686 804 gestu,
713 750 1009 804 quodcumque
1033 750 1242 814 loquetur,

265 806 332 846 cui
358 806 477 860 digiti
501 807 679 861 pingues
706 815 747 848 et
771 807 918 848 scaber
942 806 1096 860 unguis
1122 805 1211 847 erit.

207 862 274 903 cui
299 863 440 917 graxis
467 863 548 903 oris
575 863 689 912 odor,
715 877 947 917 numquam
972 863 1112 903 ieiuna
1134 862 1342 916 loquetur,

264 896 326 960 eto
330 934 494 974 semper
508 919 653 984 spatio
679 920 802 961 distet
829 919 882 960 ab
908 933 977 960 ore
1003 919 1092 959 viri.

207 976 240 1016 si
265 975 385 1030 niger
410 983 479 1016 aut
506 975 654 1030 ingens
680 984 751 1017 aut
776 990 860 1016 non
885 975 962 1016 erit
986 975 1130 1016 ordine
1155 982 1278 1016 natus

264 1032 367 1073 dens
392 1031 486 1079 tibi,
512 1032 685 1074 lidendo
710 1033 894 1073 maxima
919 1032 1072 1072 damna
1097 1031 1219 1074 feres.

207 1088 300 1142 quis
326 1088 494 1130 credat?
519 1089 684 1130 discunt
709 1088 833 1130 etiam
858 1088 994 1129 ridere
1019 1089 1197 1144 puellae,

264 1144 477 1199 quaeritur
502 1153 626 1199 atque
650 1145 730 1187 illis
754 1145 833 1186 hac
859 1159 1027 1199 quoque
1052 1152 1170 1200 parte
1196 1145 1333 1186 decor.

207 1201 288 1242 sint
313 1201 466 1242 modici
490 1202 618 1243 rictus
643 1216 882 1257 parvaeque
906 1202 1116 1256 utrimque
1140 1202 1329 1250 lacunae,

265 1265 305 1299 et
331 1272 517 1299 summos
543 1259 687 1300 dentes
712 1259 796 1299 ima
821 1258 974 1300 labella
999 1265 1156 1313 tegant.

207 1329 284 1356 nec
310 1329 385 1355 sua
410 1322 614 1369 perpetuo
640 1315 894 1356 contendant
918 1315 989 1356 ilia
1013 1316 1114 1364 risu,

265 1371 338 1412 sed
368 1371 461 1413 leve
486 1372 624 1413 nescio
650 1372 752 1426 quid
776 1372 1089 1425 femineumque
1115 1378 1247 1413 sonet.

209 1435 289 1476 est,
316 1442 424 1481 quae
449 1443 646 1483 perverso
672 1429 931 1482 distorqueat
956 1443 1028 1470 ora
1053 1428 1277 1470 cachinno:

266 1499 361 1526 eum
386 1484 472 1525 risu
497 1485 608 1526 laeta
634 1493 696 1526 est
721 1486 870 1535 altera,
895 1486 994 1527 flere
1020 1493 1154 1540 putes.

209 1541 279 1582 illa
305 1548 423 1581 sonat
448 1556 622 1582 raucum
647 1542 849 1595 quiddam
875 1550 1000 1595 atque
1024 1540 1248 1583 inamabile
1273 1541 1393 1591 ridet,

266 1605 312 1638 ut
336 1597 449 1638 rudit
475 1613 498 1638 a
524 1598 671 1639 scabra
696 1598 827 1653 turpis
854 1599 981 1639 asella
1005 1599 1129 1639 mola.

211 1668 294 1708 quo
319 1668 403 1694 non
429 1669 496 1694 ars
521 1655 736 1708 penetrat?
773 1655 938 1696 diseunt
961 1654 1180 1696 lacrimare
1206 1653 1415 1704 decenter,

268 1725 434 1764 quoque
460 1711 605 1752 volunt
630 1711 794 1766 plorant
819 1719 1007 1766 tempore
1033 1725 1201 1765 quoque
1226 1711 1364 1752 modo.

211 1767 331 1821 quid,
358 1781 454 1808 cum
479 1767 666 1821 legitima
690 1767 910 1809 fraudatur
934 1768 1071 1809 littera
1095 1781 1212 1816 voce,

268 1824 494 1877 blaesaque
519 1825 563 1864 fit
589 1824 703 1865 iusso
728 1824 873 1879 lingua
898 1832 1043 1865 coacta
1067 1824 1194 1865 sono?

210 1881 251 1921 in
279 1880 379 1921 vitio
406 1881 531 1922 decor
556 1888 636 1930 est,
662 1881 870 1934 quaedam
896 1881 1004 1922 male
1029 1880 1204 1922 reddere
1230 1880 1378 1922 verba:

268 1937 431 1978 discunt
458 1951 579 1991 posse
604 1937 761 1987 minus,
787 1951 912 1991 quam
938 1944 1132 1992 potuere,
1157 1937 1284 1991 loqui.

211 1993 406 2035 omnibus
431 1993 515 2043 his,
542 1993 741 2047 quoniam
766 2002 960 2049 prosunt,
985 1993 1200 2049 inpendite
1225 2008 1382 2035 curam.

268 2050 413 2092 discite
439 2050 620 2092 femineo
646 2065 821 2105 corpora
845 2050 953 2092 ferre
978 2050 1127 2105 gradu.

212 2115 274 2149 est
299 2114 339 2148 et
363 2107 405 2147 in
432 2107 598 2148 incessu
623 2123 720 2162 pars
744 2122 829 2148 non
855 2115 1091 2162 contempta
1119 2106 1298 2148 decoris:

269 2164 396 2204 allicit
419 2163 585 2217 ignotos
610 2164 679 2205 ille
705 2164 909 2219 fugatque
934 2164 1058 2204 viros.

212 2219 316 2260 haec
341 2228 482 2261 movet
507 2228 594 2261 arte
618 2221 728 2261 latus
755 2221 990 2273 tunicisque
1015 2220 1241 2261 fluentibus
1267 2235 1390 2260 auras

271 2276 441 2330 accipit,
467 2283 661 2317 extensos
686 2276 851 2330 fertque
877 2276 1058 2330 superba
1082 2276 1231 2330 pedes:

212 2333 284 2373 illa
308 2333 422 2373 velut
449 2332 631 2373 coniunx
655 2332 810 2373 Umbri
835 2332 1069 2373 rubicunda
1095 2332 1233 2372 mariti

271 2388 458 2429 ambulat
483 2388 664 2443 ingentis
690 2389 830 2429 varica
855 2388 1019 2441 fertque
1045 2388 1215 2443 gradus·

1487 263 1568 306 183

216 2446 289 2486 sed
314 2445 384 2493 sit,
411 2452 454 2485 ut
480 2445 522 2485 in
548 2444 721 2493 cunctis,
747 2445 897 2485 modus
923 2445 989 2485 hic
1016 2459 1197 2498 quoque.
1246 2442 1426 2487 misticus
1452 2445 1556 2488 alter

272 2511 429 2549 motuS,
456 2515 653 2543 concesso
678 2502 842 2542 mollior
867 2501 971 2542 alter
995 2501 1084 2542 erit.

215 2573 312 2614 pars
337 2557 470 2598 umeri
495 2566 634 2599 tamen
658 2557 743 2598 ima
767 2558 847 2607 tui,
873 2573 968 2612 pars
994 2573 1158 2599 summa
1182 2558 1326 2600 lacerti

272 2615 387 2655 nuda
412 2614 482 2664 sit,
509 2630 533 2655 a
557 2615 678 2656 laeva
703 2615 994 2670 conspicienda
1019 2630 1159 2656 manu.

218 2672 297 2713 hoc
322 2686 395 2712 vos
421 2671 664 2726 praecipue,
689 2671 856 2721 niveae,
882 2671 1014 2712 decet.
1074 2671 1153 2712 hoc
1177 2671 1251 2712 ubi
1275 2671 1375 2720 vidi,

277 2728 420 2769 oscula
444 2727 553 2769 ferre
578 2742 742 2777 umero,
768 2742 853 2782 qua
877 2736 992 2783 patet
1016 2742 1170 2782 usque,
1195 2728 1310 2770 libet.
1335 2752 1392 2758 ——-

218 2794 404 2826 monstra
428 2784 554 2826 maris
580 2783 749 2826 Sirenes
776 2793 912 2834 erant,
938 2799 1047 2840 quae
1071 2799 1174 2827 voce
1199 2799 1354 2827 canora

1596 479 1661 510 270

1601 1894 1666 1924 295

1604 2177 1670 2208 300

1605 2459 1668 2491 305

1606 2742 1668 2772 310
