1831 3168
427 224 699 260 HEROIDUM
724 224 792 259 111.
819 224 1010 260 118—154.
1038 224 1102 259 IV.
1131 225 1252 260 1—49.

214 305 381 361 inspicit
406 313 600 361 acceptas
626 305 756 347 hostis
783 305 836 347 ab
860 306 980 348 hoste
1006 314 1141 348 notas.

157 374 219 404 ter
244 371 384 404 tecum
410 372 557 403 conata
583 363 719 416 loqui,
747 371 808 404 tcr
833 363 991 404 inutilis
1018 364 1153 405 haesit

215 419 378 473 lingua,
404 428 466 460 ter
491 419 533 460 in
558 419 693 474 primo
719 419 877 460 destitit
902 434 973 462 ore
999 435 1140 461 sonus.

158 491 242 530 qua
268 476 362 517 licet
389 484 430 517 et
455 477 657 530 sequitur,
683 476 821 531 pudor
846 485 909 518 est
933 477 1173 518 miscendus
1200 478 1344 519 amori.

215 533 352 574 dicere
379 547 487 586 quae
513 533 682 587 puduit,
709 533 890 574 scribere
916 533 1037 574 iussit
1062 549 1191 575 amor.

158 589 363 643 quidquid
388 591 524 630 Amor
548 589 687 638 iussit,
714 603 798 629 non
824 597 886 630 est
912 598 1179 632 contemnere
1206 598 1363 632 tutum:

216 655 362 701 regnat
387 654 427 687 et
452 646 494 686 in
520 645 710 685 dominos
735 645 800 685 ius
826 645 953 686 habet
977 646 1045 687 ille
1072 647 1187 688 deos.

158 702 227 743 ille
254 702 355 742 mihi
380 701 515 756 primo
542 701 751 741 dubitanti
777 701 959 742 scribere
986 702 1090 742 dixit

215 758 390 800 ‘scribet
418 757 533 798 dabit
558 757 689 798 victas
714 757 877 799 ferreus
902 758 971 799 ille
997 759 1176 799 manus.'

158 815 285 864 adsit,
311 822 353 856 et
377 823 424 855 ut
447 821 610 855 nostras
636 813 760 855 avido
786 814 902 855 fovet
925 814 1024 869 igne
1050 815 1271 864 medullas,

213 871 315 927 figat
341 871 400 912 sic
425 871 585 912 animos
611 871 653 911 in
679 885 774 912 mea
799 878 897 911 vota
922 880 1030 912 tuos.

155 943 239 969 non
265 942 344 983 ego
369 927 557 981 nequitia
583 928 752 968 socialia
778 927 950 969 foedera
974 943 1192 983 rumpam:

213 985 326 1026 fama
351 983 496 1038 (velim
522 985 720 1039 quaeras)
745 985 917 1026 crimine
944 993 1087 1026 nostra
1112 993 1248 1027 vacat.

155 1042 268 1083 venit
294 1056 411 1082 amor
434 1042 626 1096 gravius,
653 1055 737 1095 quo
763 1041 909 1083 serius.
971 1042 1133 1083 urimur
1157 1043 1290 1084 intus:

212 1099 386 1148 urimur,
413 1108 453 1140 et
479 1113 650 1140 caecum
676 1106 847 1153 pectora
872 1099 1025 1140 vulnus
1051 1098 1220 1140 habent.

156 1156 315 1197 scilicet
341 1164 386 1196 ut
412 1163 577 1197 teneros
602 1155 775 1197 laedunt
799 1155 901 1211 iuga
925 1156 1062 1211 prima
1086 1156 1302 1206 iuvencos,

212 1212 415 1266 frenaque
441 1212 511 1253 vix
536 1212 694 1267 patitur
718 1212 770 1253 de
795 1227 926 1268 grege
952 1220 1099 1268 captus
1126 1228 1273 1268 equus,

156 1269 215 1310 sic
240 1269 348 1310 male
373 1269 529 1323 vixque
555 1269 667 1310 subit
692 1269 848 1324 primos
875 1270 978 1311 rude
1004 1278 1151 1325 pectus
1179 1285 1358 1320 amores,

213 1326 460 1379 sarcinaque
485 1326 589 1367 haec
614 1326 754 1367 animo
779 1341 864 1367 non
889 1327 1008 1369 sedet
1033 1337 1133 1382 apta
1157 1343 1265 1370 meo.

157 1398 223 1424 als
248 1383 314 1433 fit,
339 1383 414 1424 ubi
439 1398 463 1424 a
488 1382 641 1424 teneris
667 1383 824 1425 crimen
851 1384 1107 1425 condiscitur
1133 1385 1272 1426 annis:

213 1454 321 1494 quae
347 1440 462 1481 venit
488 1448 635 1481 exacto
660 1447 868 1496 tempore,
895 1441 1015 1496 peius
1041 1451 1167 1483 amat.

157 1505 202 1538 tu
226 1511 337 1538 nova
362 1505 553 1539 servatae
579 1511 725 1552 carpes
750 1498 953 1539 libamina
977 1498 1131 1548 famae,

214 1561 254 1595 et
279 1554 434 1608 paliter
458 1562 649 1595 nostrum
674 1554 745 1596 fiet
770 1563 947 1608 uterque
971 1570 1141 1597 nocens.

158 1621 220 1652 est
246 1610 424 1664 aliquid,
450 1611 585 1665 plenis
611 1611 800 1666 pomaria
825 1626 997 1666 carpere
1022 1612 1149 1652 ramis

216 1676 256 1709 et
281 1667 396 1708 tenui
421 1667 600 1721 primam
625 1667 818 1722 delegere
844 1683 987 1722 ungue
1013 1683 1166 1710 rosam.

159 1724 193 1765 si
219 1733 359 1765 tamen
384 1723 453 1765 ille
478 1723 603 1778 prior,
629 1738 712 1778 quo
738 1739 805 1765 me
831 1725 919 1766 sine
946 1725 1118 1767 crimine
1144 1725 1270 1780 gessi,

217 1781 373 1822 candor
398 1780 452 1821 ab
476 1781 644 1821 insolita
668 1781 763 1823 labe
789 1782 999 1823 notandus
1025 1790 1127 1831 erat,

159 1846 199 1879 at
226 1837 332 1879 bene
359 1837 578 1885 successit,
606 1837 735 1892 digno
761 1839 874 1891 quod
901 1839 1118 1880 adurimur
1142 1839 1251 1894 igni:

215 1895 335 1950 peius
360 1894 565 1935 adulterio
591 1894 724 1949 turpis
751 1895 915 1936 adulter
940 1895 1073 1936 obest.

158 1951 191 1992 si
217 1951 318 1992 mihi
344 1950 548 1992 concedat
572 1951 681 1993 Iuno
707 1951 965 2017 fratremque
991 1953 1228 2007 virumque,

214 2008 495 2064 Hippoljtum
520 2008 667 2049 videor
691 2009 983 2064 praepositura
1007 2010 1114 2050 Iovi.

157 2065 240 2106 iam
267 2079 436 2119 quoque
460 2088 518 2094 —
541 2065 613 2105 vix
638 2065 783 2107 credes
808 2090 865 2094 —
888 2066 1056 2121 ignotas
1081 2076 1222 2107 mutor
1244 2066 1288 2108 in
1315 2075 1445 2109 artes:

215 2131 278 2164 est
301 2122 403 2162 mihi
428 2136 503 2177 per
529 2137 676 2163 saevas
701 2122 884 2178 impetus
909 2123 968 2165 ire
994 2123 1119 2165 feras.

157 2179 241 2220 iam
266 2179 368 2220 mihi
393 2179 530 2233 prima
555 2179 634 2220 dea
659 2188 722 2220 est
748 2195 847 2221 arcu
873 2181 1108 2245 praesignis
1135 2180 1301 2222 adunco

214 2236 341 2278 Delia
365 2235 587 2289 (iudicium
613 2236 883 2302 subsequor
872 2252 964 2302 lpsa
989 2239 1148 2293 tuum);

158 2294 200 2334 111
225 2308 374 2335 nemus
399 2293 458 2334 ire
483 2293 604 2343 libet,
630 2294 872 2348 pressisque
897 2295 939 2334 in
965 2295 1070 2336 retia
1096 2295 1230 2336 cervis

216 2349 371 2391 hortari
397 2349 542 2391 celeris
567 2364 642 2404 per
665 2350 767 2405 iuga
791 2366 956 2392 summa
982 2366 1120 2399 canes,

160 2415 230 2447 aut
257 2406 482 2447 tremulum
509 2421 685 2448 excusso
710 2407 896 2448 iaculum
921 2408 1086 2448 vibrare
1110 2382 1267 2449 lacerto

218 2472 290 2503 ant
314 2463 357 2502 in
381 2463 599 2517 graminea
623 2477 779 2518 ponere
806 2478 957 2518 corpus
984 2464 1126 2505 humo.

162 2534 286 2574 saepe
311 2519 429 2560 iuvat
453 2534 620 2560 xersare
645 2520 795 2561 leves
785 2536 827 2560 1n
851 2521 951 2575 pulv
956 2535 1024 2562 ere
1051 2536 1211 2571 currus,

218 2583 484 2630 torquentem
509 2575 639 2617 frenis
665 2591 738 2617 ora
762 2576 927 2631 fiugacis
954 2578 1063 2631 equi.

161 2648 273 2674 nunc
297 2633 423 2682 feror,
448 2640 494 2673 ut
519 2632 679 2674 Bacchi
704 2633 824 2674 furiis
849 2633 1060 2676 Eleleides
1086 2642 1218 2684 actae,

219 2704 411 2744 quaeque
437 2689 515 2730 sub
540 2689 670 2731 Idaeo
695 2697 897 2745 tympana
923 2691 1027 2733 colle
1052 2700 1235 2741 movent,

162 2758 231 2788 aut
260 2762 364 2802 quas
389 2746 598 2789 semideae
623 2746 821 2802 Dryades
851 2747 1073 2804 Faunique
1098 2749 1292 2791 bicornes

1554 545 1600 576 10

1555 828 1597 858 15

1554 1678 1601 1709 30

1552 2248 1600 2277 40

1552 2535 1599 2565 45
