1831 3168
13 2846 16 2878 ι

12 2884 16 2984 l

372 246 1306 284 HEROIDUMXVHI.148—210.X1x.1—‘23.
1470 241 1523 283 73

216 327 356 369 neseio
382 327 483 381 quid
508 328 706 382 pavidum
732 328 887 382 fiigoxe
913 337 1058 384 peetus
1084 329 1222 371 habet.

159 398 236 425 nec
261 383 398 424 minus
424 383 643 426 hesternae
669 386 902 425 confundor
928 386 1108 440 imagine
1135 387 1281 436 noctis,

216 440 407 493 quamvis
434 447 496 480 est
521 441 647 481 sacris
673 441 743 482 ill-1
768 441 882 496 piata
905 442 1020 482 meis.

158 510 340 549 namque
366 496 444 536 sub
471 511 638 544 aurora,
663 497 746 537 iam
773 497 1021 539 dormitante
1047 499 1230 546 lucerna,
1551 514 1611 543 195

216 552 377 592 somnia
401 566 485 606 quo
510 553 621 593 cerni
648 561 834 607 tempore
859 569 957 594 vera
983 554 1129 602 solent,

160 609 337 649 stamina
363 609 413 649 de
440 609 580 663 digitis
607 610 793 651 cecidere
819 624 967 664 sopore
992 610 1189 659 remissis,

217 665 407 718 collaque
432 665 603 719 pulvino
628 672 770 706 nostra
795 666 967 706 ferenda
993 666 1101 707 dedi.

159 720 226 761 hic
252 735 330 775 esto
357 728 552 762 ventosas
577 728 748 762 nantem
773 721 969 774 delphina
994 736 1068 775 per
1093 722 1225 762 undas

217 791 384 818 cernere
410 791 493 817 non
519 776 647 816 dubia
672 791 763 816 sum
790 777 891 816 mihi
916 777 1006 817 visa
1030 778 1132 818 fide:
1547 794 1611 824 ⁴200

158 847 284 886 quem
310 839 532 887 postquam
559 832 711 872 bibulis
736 832 864 872 inlisit
888 832 1041 872 fluctus
1066 833 1246 881 1111101115,

215 889 329 929 unda
354 888 478 929 simul
503 888 703 929 miserum
727 888 896 941 vitaque
923 888 1119 929 deseruit.

157 945 358 998 quicquid
384 945 425 984 id
451 951 531 993 est,
558 944 696 985 timeo.
756 959 834 985 nec
858 952 904 985 tu
928 959 1023 985 mea
1048 945 1208 986 somnia
1233 945 1335 994 ride,

215 1016 292 1042 nee
316 1001 396 1042 nisi
422 1001 645 1054 tranquillo
671 1001 867 1042 bracchia
893 1000 1015 1042 crede
1040 1001 1156 1041 mari.

158 1057 193 1097 si
218 1057 293 1098 tibi
318 1071 401 1098 non
426 1058 583 1112 parcis,
610 1057 786 1098 dilectae
811 1071 935 1112 parce
960 1057 1137 1111 puellae,
1546 1073 1608 1103 205

216 1128 324 1167 quae
350 1128 580 1167 numquam
605 1113 683 1153 nisi
708 1122 748 1154 te
774 1114 927 1168 sospite
954 1127 1097 1167 sospes
1123 1128 1206 1155 ero.

158 1185 254 1224 spes
279 1177 418 1211 tamen
444 1178 506 1211 est
531 1170 673 1211 fractis
699 1169 860 1210 vicinae
886 1169 1000 1224 pacis
1025 1170 1068 1210 in
1093 1170 1236 1210 undis:

215 1234 303 1266 tum
328 1226 515 1281 placidas
541 1234 629 1266 tuto
655 1233 822 1280 pectore
846 1226 958 1267 finde
984 1226 1085 1267 vias.

157 1282 334 1331 interea,
362 1282 559 1336 quoniam
585 1282 701 1322 nanti
726 1282 834 1323 freta
858 1283 1003 1336 pervia
1028 1297 1111 1323 non
1137 1294 1246 1332 sunt,

213 1338 341 1380 leniat
366 1338 521 1379 invisas
546 1338 682 1380 littera
706 1338 834 1379 missa
858 1353 1009 1380 moras·
1548 1355 1612 1385 210

156 1507 275 1549 Pone
301 1507 478 1549 metuml
516 1508 618 1548 nihil
644 1507 711 1549 hie
734 1508 885 1549 iterum
910 1508 1067 1549 iurabis
1094 1508 1269 1549 amanti:
1431 1520 1597 1553 Acontius

213 1564 461 1618 promissam
487 1565 586 1605 satis
612 1572 674 1606 est
698 1572 739 1606 te
764 1565 892 1606 semel
918 1579 1008 1606 esse
1034 1564 1148 1605 mihi.
1429 1565 1610 1609 Cyslzppae.

157 1620 345 1684 perlege!
386 1620 574 1661 discedat
599 1621 658 1662 sic
683 1635 855 1675 corpore
881 1621 1060 1675 languor
1085 1621 1139 1661 ab
1164 1620 1256 1668 isto,

214 1677 285 1730 qui
311 1691 428 1717 meus
454 1684 516 1717 est
541 1677 627 1717 ulla
652 1684 769 1731 parte
795 1657 978 1718 dolenteU
987 1677 1116 1717 dolor.

155 1733 259 1786 quid
282 1733 438 1797 pudor·
443 1740 539 1774 ante
564 1733 699 1773 subit?
734 1749 850 1782 nam,
878 1733 984 1774 sicut
1009 1733 1051 1774 in
1077 1733 1179 1775 aede
1204 1733 1383 1783 Dianae,
1545 1748 1564 1778 5

214 1789 404 1843 suspicoi
428 1789 633 1843 ingenuas
659 1790 875 1831 erubuisse
900 1805 1043 1844 genas.

157 1845 401 1899 coniugium
426 1853 712 1909 pactamque
704 1846 849 1895 fidem,
875 1860 959 1886 non
985 1845 1158 1886 elimina
1182 1860 1322 1900 posco.

214 1902 379 1942 debitus
405 1909 452 1942 ut
477 1902 678 1949 coniunx,
704 1916 787 1943 non
812 1909 859 1943 ut
885 1902 1048 1943 adulter
1073 1916 1180 1942 amo.

157 1958 286 1999 verba
311 1958 407 2000 licet
430 1966 617 2013 repetas,
644 1972 753 2011 quae
779 1959 974 2012 demptus
1000 1958 1053 1999 ab
1079 1958 1227 2000 arbele
1253 1958 1364 1999 fetus

214 2015 384 2069 pertulit
408 2015 462 2055 ad
487 2023 622 2055 castas
647 2030 714 2056 me
739 2015 915 2056 iaciente
939 2029 1102 2055 manus.
1548 2030 1588 2060 10

157 2071 343 2112 invenies
369 2071 452 2112 illie
477 2071 521 2111 id
544 2079 585 2112 te
610 2072 834 2126 spondere,
861 2071 972 2125 quod
998 2078 1096 2125 opto

214 2136 254 2169 te
279 2127 437 2182 potius,
464 2128 602 2182 virge,
628 2142 755 2192 quam
780 2127 1019 2168 meminisse
1045 2128 1180 2168 deam.

158 2199 269 2224 nune
295 2198 461 2237 quoque
486 2184 598 2225 idem
623 2185 762 2225 timeo.
824 2184 896 2225 sed
921 2184 1032 2225 idem
1057 2191 1197 2225 tamen
1224 2184 1359 2225 acrius
1385 2184 1489 2225 illud

216 2240 449 2295 adsumpsit
473 2241 602 2289 vires,
628 2249 834 2293 auctaque
859 2240 1029 2280 flamma
1052 2254 1169 2279 mora
1195 2248 1269 2280 est.

157 2296 313 2349 quique
338 2296 419 2337 fuit
441 2310 673 2349 numquam
697 2311 872 2351 parvus,
898 2309 1010 2336 nunc
1035 2303 1222 2349 tempore
1248 2297 1374 2350 longo
1545 2310 1585 2339 15

216 2362 255 2392 et
281 2367 373 2406 spe,
400 2366 527 2405 quam
552 2353 727 2394 dederas
752 2360 798 2393 tu
823 2352 946 2400 mihi,
973 2352 1102 2392 erevit
1127 2366 1255 2392 amor.

160 2423 277 2462 spem
303 2408 405 2448 mihi
428 2416 473 2448 tu
499 2408 687 2449 dederas.
746 2423 864 2449 meus
890 2408 957 2448 hie
982 2407 1058 2448 tibi
1083 2407 1257 2448 eredidit
1284 2407 1425 2448 ardor:

216 2478 300 2503 non
324 2471 442 2518 potes
468 2464 547 2505 hoc
571 2465 729 2504 factum
754 2472 859 2505 teste
883 2478 1039 2518 negare
1064 2463 1155 2504 dea.

160 2520 295 2561 adfuit
320 2529 358 2561 et
384 2534 601 2574 praesens,
626 2528 673 2560 ut
698 2529 806 2568 erat,
832 2528 904 2561 tua
928 2519 1057 2560 verba
1080 2519 1242 2560 notavit

217 2585 258 2617 et
282 2576 371 2616 visa
396 2583 459 2616 est
483 2585 598 2617 mota
622 2576 733 2616 dicta
758 2576 901 2617 tulisse
927 2589 1059 2616 coma.
1543 2589 1586 2620 20

159 2632 379 2686 deceptam
404 2633 518 2674 dieas
544 2640 685 2673 nostra
709 2640 750 2673 te
774 2632 922 2673 fraude
947 2632 1102 2680 licebit,

218 2689 318 2729 dum
344 2688 503 2729 fraudis
528 2696 694 2730 nostrae
720 2703 846 2729 eausa
871 2689 1029 2729 feratur
1054 2702 1182 2729 amor.

159 2743 274 2786 fraus
300 2760 394 2786 mea
418 2745 518 2799 quid
543 2745 678 2800 petiit,
703 2745 783 2786 nisi
807 2745 868 2786 uti
893 2744 968 2786 tibi
992 2744 1188 2799 iungerer
1211 2744 1308 2786 uni?
