1831 3168
516 269 789 306 HERoIDUM
814 268 936 304 xvu.
967 266 1155 302 104-191.
1467 253 1521 295 67

211 355 323 397 idem
348 352 584 409 navigium,
610 352 772 401 navita,
798 358 941 393 vector
965 364 1048 391 ero.

154 427 232 455 nee
258 426 411 465 sequor
436 418 508 452 aut
535 410 731 458 Helicen,
759 417 849 457 aut,
876 422 959 462 qua
984 407 1121 461 Tyros
1147 405 1290 452 utitur,
1318 404 1498 445 Arcton:

211 469 382 524 publica
407 482 490 508 non
517 474 633 508 curat
660 466 797 507 sidera
822 474 962 505 noster
987 478 1117 521 amor.

155 525 459 566 Andromedan
486 524 590 565 alius
617 530 775 578 spectet
802 522 1041 574 claramque
1069 520 1293 566 Coronam,

212 596 404 636 quaeque
430 581 555 622 micat
582 580 721 635 gelido
747 578 968 619 Parrhasis
994 577 1108 618 Ursa
1133 576 1242 631 polo.

155 647 196 680 at
222 639 323 679 mihi
349 638 461 692 quod
487 637 670 678 Perseus
697 643 736 677 et
762 650 858 676 cum
885 635 984 675 Iove
1011 634 1142 674 Liber
1168 641 1372 680 amarunt,

212 695 413 736 indicium
440 694 593 735 dubiae
618 707 702 733 non
727 692 865 746 placet
890 705 980 732 esse
1006 691 1112 731 viae.

154 759 217 793 est
244 752 357 792 aliud
383 752 544 799 lumen,
569 750 701 789 multo
727 747 829 788 mihi
854 747 1007 788 certius
1034 747 1137 793 istis,

211 823 296 849 non
322 807 397 850 erit
422 807 464 847 in
491 805 674 848 tenebris
700 818 784 858 quo
811 804 917 844 duce
942 810 1084 843 noster
1109 817 1238 843 amor.

157 865 235 906 hoe
261 879 340 920 ego
366 864 468 904 dum
493 868 699 918 spectem,
727 859 908 901 Colchos
935 867 975 901 et
1000 859 1042 899 in
1068 859 1216 900 ultima
1241 859 1381 907 Ponti,

213 935 380 975 quaque
407 920 519 961 viam
544 918 643 961 fecit
667 917 873 958 Thessala
899 916 1042 971 pinus,
1069 931 1162 957 eam

157 986 197 1020 et
222 978 417 1019 iuvenem
442 976 600 1032 possim
627 989 824 1030 superare
850 973 1110 1014 Palaemona
1134 972 1287 1019 nando,

213 1035 403 1088 miraque
429 1049 555 1088 quem
582 1032 719 1074 subito
745 1030 926 1072 reddidit
950 1030 1082 1072 herba
1108 1029 1246 1070 deum.

157 1107 282 1146 saepe
308 1106 382 1146 per
408 1090 606 1132 adsiduos
632 1089 835 1144 languent
860 1102 954 1129 mea
979 1086 1176 1128 bracchia
1200 1094 1339 1127 motus

215 1149 369 1202 vixque
395 1162 470 1202 per
494 1147 705 1188 inmensas
731 1145 844 1187 fessa
868 1144 1092 1185 trahuntur
1119 1158 1263 1197 aquaS.

157 1205 221 1246 his
248 1219 326 1260 ego
353 1219 449 1246 eum
475 1204 561 1245 dixi
587 1203 787 1258 ‘pretium
812 1216 896 1243 non
922 1202 1003 1243 vile
1028 1201 1182 1242 laboris

215 1261 297 1302 iam
325 1261 519 1303 dominae
545 1260 664 1302 vobis
690 1260 797 1301 00113
822 1259 1005 1301 tenenda
1030 1258 1167 1306 dabo,’

157 1318 346 1374 protinus
372 1318 443 1359 illa
467 1317 609 1359 valent
634 1324 760 1371 atque
786 1316 839 1357 ad
865 1331 941 1357 sua
967 1315 1152 1371 praemia
1178 1314 1368 1363 tendunt,

216 1382 264 1416 ut
289 1375 400 1417 celer
424 1374 530 1416 Eleo
555 1389 722 1416 carcere
748 1373 900 1414 missus
927 1387 1073 1427 equus.

157 1432 248 1487 ipse
273 1446 389 1473 meos
414 1431 544 1487 igitur
569 1446 710 1479 servo,
736 1430 889 1484 quibus
916 1444 1027 1479 uror,
1055 1444 1217 1470 amores

216 1498 361 1543 teque,
386 1489 523 1543 magis
550 1488 665 1529 eaelo
692 1487 820 1543 (ligna
846 1487 1006 1543 puella,
1033 1501 1197 1541 sequor.

156 1545 289 1600 digna
314 1545 485 1599 quidem
512 1545 627 1587 eaelo
654 1545 728 1587 sed
752 1544 891 1585 adhue
916 1544 1063 1585 tellure
1089 1558 1265 1591 morare,

217 1609 289 1643 aut
315 1602 400 1651 dic,
427 1602 481 1643 ad
506 1616 680 1656 superos
707 1609 747 1642 et
773 1601 874 1641 mihi
900 1616 984 1654 qua
1009 1600 1061 1641 sit
1086 1600 1175 1641 iter.

159 1658 228 1700 hie
254 1673 317 1708 es,
344 1666 384 1700 et
409 1659 561 1713 exigue
587 1659 739 1700 misero
767 1657 974 1712 contingis
1002 1657 1176 1698 amanti:

218 1711 399 1768 eumque
425 1730 519 1756 mea
543 1715 650 1755 fiunt
675 1714 843 1756 turbida
867 1722 1006 1756 mente
1032 1714 1152 1755 freta.

158 1772 262 1826 quid
287 1772 410 1821 mihi,
437 1772 549 1826 quod
575 1772 659 1813 lato
685 1786 769 1812 non
795 1786 966 1826 separor
991 1785 1193 1825 aequore,
1218 1771 1415 1826 prodest?

217 1844 319 1869 num
344 1829 483 1870 minus
509 1829 612 1870 haee
637 1829 758 1869 nobis
783 1836 869 1869 tam
895 1828 1033 1870 brevis
1059 1828 1200 1869 obstat
1225 1829 1360 1882 aqua?

160 1901 214 1927 an
239 1885 401 1935 malim,
428 1885 595 1934 dubito,
622 1892 708 1926 toto
733 1886 879 1940 procul
904 1885 1005 1926 orbe
1031 1892 1215 1925 remotus

218 1956 316 1983 cum
341 1942 511 1983 domina
534 1942 660 1997 longe
687 1957 804 1995 spem
829 1955 999 1995 quoque
1024 1941 1180 1982 habere
1206 1955 1357 1982 meam.

160 2013 244 2053 quo
270 1999 442 2054 propius
467 2013 581 2040 nunc
608 2014 670 2048 es,
697 1999 868 2040 flamma
893 1997 1087 2053 propiore
1113 1998 1290 2046 calesco,

219 2063 259 2098 et
283 2071 349 2098 res
374 2071 459 2097 non
485 2071 671 2111 semper,
699 2071 792 2111 spes
818 2055 920 2096 mihi
946 2070 1112 2110 semper
1137 2055 1269 2096 adest.

160 2127 294 2168 paene
319 2128 468 2163 manu,
495 2113 608 2167 quod
634 2127 728 2154 amo
752 2137 809 2142 —-
834 2120 950 2153 tanta
976 2120 1038 2153 est
1063 2111 1216 2152 vicinia
1239 2136 1296 2141 —-
1320 2124 1466 2167 tango:

219 2185 345 2225 saepe
371 2170 464 2219 sed,
491 2169 593 2211 heu!
620 2170 814 2211 lacrimas
840 2169 920 2211 hoe
944 2168 1046 2209 mihi
1074 2168 1246 2223 ‘paene'
1273 2180 1426 2210 movet.

162 2226 268 2268 velle
294 2226 396 2280 quid
421 2234 483 2268 est:
509 2227 622 2268 aliud
647 2226 854 2282 fugientia
878 2226 1082 2281 prendere
1108 2240 1247 2279 poma,

219 2298 421 2338 spemque
447 2298 523 2325 suo
549 2283 688 2338 refugi
713 2283 896 2325 fluminis
923 2297 993 2324 ore
1019 2282 1166 2336 sequi?

164 2354 266 2394 ergo
293 2355 372 2395 ego
399 2348 438 2381 te
463 2354 715 2394 numquam,
742 2340 821 2380 nisi
847 2354 943 2381 cum
969 2339 1081 2380 volet
1106 2338 1239 2389 unda,
1265 2339 1430 2388 tenebo,

220 2403 261 2437 et
285 2412 352 2438 me
378 2396 543 2438 felicem
569 2397 684 2437 nulla
709 2397 868 2438 videbit
893 2396 1069 2450 hiemps,

164 2467 344 2506 euinque
369 2453 507 2493 minus
532 2453 701 2493 firmum
726 2453 784 2493 nil
811 2453 882 2502 sit,
908 2467 1035 2507 quam
1062 2459 1211 2493 ventus
1238 2463 1276 2494 et
1302 2452 1429 2502 unda,

220 2509 263 2550 in
288 2509 422 2550 ventis
449 2517 490 2551 et
516 2523 627 2563 aqua
652 2524 747 2564 spes
773 2525 868 2551 mea
893 2524 1059 2564 semper
1084 2509 1185 2550 erit?

162 2573 303 2607 aestus
330 2565 467 2607 adhuc
493 2573 634 2608 tamen
659 2574 733 2607 est.
771 2566 890 2619 quid,
918 2581 1013 2607 cum
1038 2565 1139 2606 mihi
1164 2566 1328 2608 laeserit
1355 2580 1513 2621 aequor

220 2622 336 2664 Plias
362 2631 404 2664 et
428 2623 721 2678 Arctophylax
747 2621 1033 2676 Oleniumque
1059 2623 1214 2677 pecus?

163 2687 236 2720 aut
262 2694 341 2734 ego
365 2693 451 2720 non
474 2680 591 2728 novi,
618 2694 746 2734 quam
772 2679 850 2720 sim
875 2680 1142 2728 temerarius,
1169 2687 1240 2721 aut
1266 2695 1333 2721 me

222 2736 265 2777 in
289 2737 396 2778 freta
420 2751 504 2777 non
529 2744 677 2778 cautus
703 2745 793 2778 tum
817 2750 986 2791 quoque
1011 2736 1147 2778 mittet
1172 2737 1320 2778 Amor.

164 2807 270 2835 neve
296 2800 416 2849 putes
440 2793 484 2835 id
508 2809 594 2843 me,
620 2794 734 2848 quod
760 2793 896 2844 abest,
922 2793 1165 2849 promittere
1191 2801 1377 2849 tempus:

1260 2861 1303 2896 ὃ*

1552 472 1616 503 150

1555 758 1615 787 135

1561 2184 1624 2213 18]

1561 2467 1624 2497 185

1563 2751 1626 2781 190
