1831 3168
426 235 647 272 AMORUM
671 236 767 270 Lm.
794 236 861 271 111.
889 236 955 280 1x,
981 235 1140 280 43-Χι,
1166 235 1197 270 8.

188 326 228 360 et
252 317 359 359 bene
385 318 602 359 tormentis
628 318 902 372 secubituque
929 317 1033 359 coli?

130 390 207 416 nec
234 382 373 416 tamen
399 382 479 423 cst,
506 375 698 428 quamvis
724 390 847 430 agios
874 383 984 416 amet
1008 374 1078 414 illa
1104 373 1278 422 feraces,

188 432 364 480 rustica,
388 446 467 472 nec
492 431 666 472 viduum
692 442 837 486 peetus
863 431 1014 472 amoris
1040 430 1078 470 h
1071 431 1180 471 ibet

133 487 283 528 Cretes
310 497 431 529 erunt
457 496 581 529 testes
606 512 663 517 —
686 503 763 530 nec
787 488 953 543 firmum
977 487 1118 528 omnia
1144 485 1291 528 Gletes
1316 510 1374 516 —

192 543 338 599 [Cletc
363 545 519 585 nutlito
546 552 655 586 telra
681 545 862 600 superabi
888 545 1001 586 Iove.

130 601 232 648 illie,
259 601 463 642 sideream
488 601 633 641 mundi
659 602 730 655 qui
755 608 959 656 temperat
986 615 1138 650 arcem,

189 657 368 711 exiguus
393 665 536 699 tenero
562 658 626 698 lac
652 658 754 699 bibit
780 672 850 699 ore
875 672 991 712 puer.

131 728 286 767 magna
311 714 414 755 fides
441 714 554 755 testi:
582 715 699 755 testis
724 714 920 755 laudatur
945 712 1147 768 alumno.]

189 750 396 810 tiissuram
424 769 622 812 Cer-emm
649 771 822 811 erimina
846 778 988 810 nostra
1013 777 1128 824 puto.

131 826 292 866 xidelat
320 827 478 867 Iasium
506 826 685 868 Cretaea
710 827 807 867 diva
831 827 910 867 sub
935 826 1014 866 Ida

189 882 389 936 figentem
416 892 528 924 certa
553 892 671 938 telga
696 884 831 925 selina
855 898 996 923 manu.

131 938 254 987 xidit,
281 948 321 980 et
345 947 391 980 ut
417 948 584 981 tene1ae
610 941 820 981 flammam
845 953 1022 994 rapuere
1046 937 1271 988 medullae,

188 995 286 1036 hinc
311 996 460 1050 pudor,
487 1012 538 1038 ex
563 997 634 1037 illa
657 1005 776 1052 palte
800 995 994 1036 trahebat
1019 1009 1148 1036 amor.

132 1052 267 1093 victus
294 1067 434 1094 amore
460 1053 607 1108 pudor.
668 1053 805 1094 sulcos
831 1067 946 1093 arere
972 1052 1149 1102 videres,

190 1117 228 1150 et
256 1118 346 1150 sata
372 1124 466 1150 cum
492 1110 665 1150 minima
689 1116 807 1164 parte
832 1109 966 1150 redire
991 1109 1069 1149 sui.

131 1180 228 1207 cum
257 1166 361 1207 bene
386 1166 528 1206 iactati
554 1166 770 1220 pulsalant
794 1181 895 1206 arva
918 1166 1095 1220 ligones,

188 1230 359 1286 ruperat
385 1231 422 1263 et
450 1223 597 1263 duram
622 1237 767 1264 vomer
791 1223 981 1263 aduncus
1006 1222 1196 1269 humum,

132 1279 376 1332 seminaque
400 1279 442 1319 in
468 1280 573 1320 latos
598 1279 731 1320 ielant
755 1279 987 1332 aequaliter
1011 1293 1148 1334 agloS,

188 1335 312 1376 inrita
337 1335 501 1390 decepti
526 1343 623 1376 vota
649 1336 821 1377 colentis
846 1343 976 1377 elant.

131 1391 230 1434 diva
254 1399 402 1446 potens
427 1394 598 1446 frugum
625 1392 739 1434 silvis
766 1393 990 1434 cessabat
979 1408 1022 1433 ιιι
1048 1392 1159 1433 altis:

190 1449 430 1490 decidelant
456 1449 607 1504 longae
634 1450 774 1504 spicea
799 1457 909 1491 serta
935 1464 1092 1491 comae.

132 1505 223 1545 sola
247 1504 327 1545 suit
353 1503 478 1546 Ciete
504 1506 686 1547 fecundo
711 1506 858 1548 fertilis
884 1521 1012 1547 anno:

191 1562 349 1610 onmia,
375 1575 459 1614 qua
483 1563 635 1603 tule1at
660 1577 703 1604 se
729 1563 826 1611 dea,
852 1563 999 1604 messis
1026 1569 1126 1604 elat.

132 1618 221 1673 ipse
247 1618 363 1659 locus
388 1632 608 1659 nemorum
634 1619 810 1660 canebat
836 1619 1032 1673 frugibus
1058 1619 1148 1668 Ide,

190 1682 229 1715 et
255 1674 406 1716 ferus
396 1690 438 1715 ιιι
465 1675 568 1715 silva
593 1675 706 1716 faira
730 1675 913 1716 metebat
940 1690 1053 1730 aper.

132 1731 293 1786 optarit
318 1731 461 1772 Minos
488 1731 643 1773 similes
669 1732 749 1772 sibi
772 1732 924 1787 legiler
948 1746 1098 1773 annos:

192 1788 369 1842 optavit,
398 1786 563 1829 Celeus
589 1789 740 1843 longus
766 1768 840 1829 ut<³
838 1797 944 1830 esset
971 1803 1100 1829 amor.

134 1844 248 1898 quod
274 1844 348 1885 tibi
374 1844 586 1902 secubitus
612 1846 768 1894 histes,
796 1845 874 1886 dea
899 1845 1028 1894 flava,
1053 1845 1244 1893 fuissent,

190 1901 269 1942 hoe
295 1898 423 1955 cogor
449 1901 576 1942 sacris
601 1916 713 1942 nunc
739 1916 818 1956 ego
843 1901 951 1943 ferre
977 1901 1071 1942 tuis.

132 1972 207 1998 cur
232 1972 311 2012 ego
338 1958 415 1998 sim
442 1958 589 2007 tristis,
617 1972 712 1999 cum
738 1959 790 1999 sit
815 1958 889 1999 tibi
915 1966 1014 1999 nata
1038 1965 1215 2013 reperta,

189 2028 406 2069 regnaque
432 2028 487 2068 qu
492 2030 558 2055 am
583 2015 692 2055 Iuno
718 2022 826 2056 sorte
852 2015 1012 2056 minore
1037 2014 1181 2070 regat?

133 2050 262 2112 festaC>
267 2071 355 2112 dies
380 2071 675 2125 Veneremque
702 2079 825 2113 vocat
850 2050 1110 2125 cantusqueo
1108 2084 1377 2124 merumque:

191 2127 296 2169 haec
322 2128 440 2169 decet
467 2128 520 2169 ad
545 2128 734 2169 dominos
766 2143 941 2170 munela
966 2128 1075 2170 ferre
1102 2128 1216 2169 deos.

135 2355 276 2397 Multa
301 2355 456 2408 diuque
482 2354 571 2395 tuli.
631 2355 741 2396 vitiis
766 2355 966 2410 patientia
992 2355 1101 2396 victa
1127 2361 1202 2396 est.

194 2413 295 2454 cede
321 2412 496 2466 fatigato
521 2419 709 2465 pectore,
735 2412 868 2465 turpis
895 2426 1024 2452 amor.

138 2469 294 2510 scilicet
321 2467 486 2509 adserui
511 2467 594 2508 iam
621 2483 687 2509 me
712 2468 887 2522 fugique
914 2478 1097 2516 catenas,

195 2533 235 2566 et
261 2539 369 2579 quae
393 2539 476 2565 non
503 2524 651 2578 puduit
676 2524 804 2573 ferre,
830 2525 974 2565 tulisse
999 2525 1142 2579 pudet.

138 2582 316 2623 vicimus
342 2588 383 2622 et
408 2581 610 2621 domitum
635 2581 812 2635 pedibus
839 2581 1048 2622 caleamus
1074 2595 1279 2623 amorem:

195 2646 401 2680 venerunt
425 2637 550 2692 capiti
576 2651 732 2678 cornua
757 2652 850 2678 sera
873 2652 979 2679 meo.

139 2695 325 2750 perferre
351 2693 530 2735 obdura!
569 2694 688 2735 dolor
711 2694 779 2735 hie
804 2693 879 2735 tibi
903 2694 1085 2749 proderit
1112 2695 1223 2736 olim.

198 2766 323 2806 saepe
349 2751 442 2792 tulit
467 2750 586 2792 lassis
611 2765 736 2792 sucus
762 2766 929 2792 amarus
955 2765 1090 2807 opem.

1415 224 1495 267 133

1527 1119 1569 1150 30

1526 1403 1566 1434 35

1527 1688 1547 1716 4
1552 1688 1571 1717 Ο

1528 1970 1570 2000 45
