1831 3168
346 262 616 298 HEROJDUM
642 262 746 297 VIII.
772 261 940 295 64-120.
970 261 1034 294 IX.
1063 260 1183 294 1—29.

139 358 306 398 quaque
331 343 427 384 licet
453 343 570 397 fugio
597 343 703 384 sicut
729 343 782 383 ab
808 342 926 384 hoste
952 342 1054 382 viro.

83 415 206 466 saepe
232 400 351 441 malis
378 407 545 454 stupeo,
572 413 794 453 1010111000
821 399 950 440 oblita
975 399 1139 451 locique

140 458 286 513 icrnara
312 456 429 511 tetigi
457 457 542 510 Scy
546 457 604 497 ria
632 456 820 497 membra
844 470 991 495 manu:

83 522 211 568 utque
236 513 356 555 nefis
382 513 511 561 sensi,
538 513 646 553 male
672 526 847 567 cot-poia
871 520 982 552 tacta
1007 512 1197 565 relinquo

142 578 181 612 ct
206 570 307 610 mihi
332 570 512 624 pollutas
538 569 684 610 c1cdor
709 569 748 609 11·
751 568 863 609 ibere
889 583 1037 608 manus

85 642 208 691 stepo
233 626 499 681 Neoptolemi
523 640 599 680 pro
626 625 791 666 nomine
817 638 969 665 nomen
997 599 1161 665 Orestis

142 683 245 732 exit,
271 690 310 724 et
337 696 517 723 erroiem
543 682 657 722 vocis
682 688 728 721 ut
753 695 876 722 omen
902 695 1010 720 amo.

84 755 159 795 pei
182 753 316 794 genus
341 738 523 779 infelix
513 751 603 778 1uro
628 737 879 792 generisque
905 744 1134 791 parentem,

140 796 212 850 qui
236 795 362 843 freta,
388 794 459 848 qui
485 801 616 834 terras
642 804 681 834 et
709 807 784 833 sua
809 807 940 847 regna
965 793 1118 845 quatit:

84 868 158 908 per
182 852 312 907 patris
338 865 434 891 ossa
458 850 538 899 tui,
564 849 702 904 patrui
728 849 849 898 mihi,
875 862 983 902 quae
1010 848 1084 889 tibi
1111 848 1277 897 debent,

140 908 252 963 quod
278 908 336 948 sic
362 907 440 948 sub
466 906 627 947 tumulo
653 906 816 947 fortiter
840 905 929 946 ulta
953 905 1108 946 iacent:

84 974 155 1007 aut
181 978 259 1020 ego
284 963 541 1019 praemoriar
566 962 785 1018 plimoque
812 962 1056 1016 exstingum
1080 961 1122 1002 in
1149 975 1266 1009 aevo,

141 1030 212 1063 aut
238 1035 317 1076 ego
343 1020 594 1062 Tantalidae
620 1019 810 1060 Tantalis
836 1033 942 1059 uxor
949 998 1056 1059 ζ’0101

726 1121 809 1162 ΙΧ.

86 1191 289 1234 Gratulor
314 1189 564 1232 Oechaliam
590 1189 721 1231 titulis
747 1190 947 1231 accedere
973 1187 1145 1229 nostris:

141 1249 341 1290 victorem
366 1248 501 1288 victae
528 1246 804 1288 subcubuisse
831 1259 995 1300 queror.

86 1306 198 1347 fama
222 1304 498 1359 Pelasgiadas
525 1303 664 1344 subito
690 1303 881 1358 pervenit
905 1303 948 1343 in
974 1302 1100 1343 urbes

142 1362 310 1404 decolor
334 1368 375 1403 et
400 1360 522 1402 factis
547 1360 766 1401 infitianda
790 1360 886 1425 tuis,

86 1434 210 1472 quem
235 1433 467 1472 numquam
492 1417 599 1458 Iuno
626 1417 837 1482 seriesque
863 1417 1053 1457 inmensa
1077 1415 1270 1456 laborum

143 1475 333 1530 fiNegfflit,
359 1475 456 1515 huic
481 1474 634 1515 Iolen
624 1474 858 1528 lnposuisse
883 1474 1044 1528 iugum.

87 1532 166 1573 hoc
190 1532 290 1573 velit
314 1531 598 1596 Eurystheus,
625 1530 725 1571 velit
749 1531 828 1571 hoc
853 1545 1056 1585 geimana
1080 1528 1285 1570 Tonantis

144 1589 335 1641 laetaque
362 1588 414 1628 sit
439 1588 548 1628 vitae
573 1587 668 1628 labe
693 1602 775 1628 nov
780 1601 874 1628 erca
900 1595 956 1627 tu
949 1602 1017 1627 10·

90 1654 132 1687 at
156 1659 240 1685 non
265 1645 334 1685 ille
360 1644 479 1693 velit,
506 1644 573 1684 cui
598 1658 683 1684 nox
708 1642 762 1696 (si
788 1643 990 1695 creditur)
1016 1657 1102 1682 una

145 1716 227 1742 non
254 1701 376 1749 tanti,
402 1708 448 1741 ut
473 1708 613 1741 tantus
640 1699 1052 1754 concipere1e‚fuit1

89 1759 183 1814 plus
209 1758 284 1798 tibi
310 1772 436 1811 quam
462 1757 589 1805 Iuno,
617 1756 761 1797 nocuit
785 1756 946 1798 Venus.
1006 1756 1077 1796 illa
1102 1754 1330 1810 premendo

146 1814 332 1863 sustulit,
357 1814 461 1855 haec
487 1813 633 1855 humili
657 1813 736 1854 sub
761 1813 868 1868 pede
894 1812 1001 1854 colla
1025 1820 1149 1853 tenet.

89 1871 249 1926 lespice
275 1870 510 1911 vindicibus
536 1878 733 1925 pacatum
759 1869 918 1910 viribus
945 1869 1105 1918 orbem,

146 1943 230 1982 qua
253 1927 308 1968 lat
314 1942 381 1967 am
406 1926 570 1968 Nereus
596 1927 788 1968 caerulus
814 1926 946 1966 ambit
970 1925 1165 1966 humum.

91 2000 134 2026 se
159 1984 234 2025 tibi
259 1999 342 2039 pax
367 1991 522 2032 tmrae,
549 1983 624 2024 tibi
649 1997 692 2024 se
718 1990 808 2023 tuta
833 1996 1017 2036 aequoia
1043 1981 1214 2023 debent:

146 2041 326 2096 implesti
351 2040 508 2082 meritis
535 2039 645 2082 Solis
670 2047 891 2093 utramque
918 2039 1103 2080 domum.

90 2098 202 2151 quod
227 2105 267 2139 te
292 2098 474 2138 laturum
501 2105 561 2138 est
587 2097 750 2138 caelum
775 2097 891 2151 prius
915 2096 1005 2150 ipse
1032 2094 1181 2136 tulisti:

146 2155 333 2196 Hercule
359 2154 576 2209 subposito
602 2154 740 2194 sidera
764 2153 881 2193 fulsit
906 2153 1072 2193 Atlans.

92 2211 192 2264 quid
217 2211 296 2252 nisi
320 2210 468 2251 notitia
494 2217 556 2251 est
580 2211 731 2251 misero
758 2209 950 2274 quaesita
974 2208 1140 2263 pudoxi,

149 2267 183 2308 si
209 2268 397 2308 cumulas
424 2267 555 2322 stupli
581 2267 692 2308 facta
717 2267 857 2321 priora
881 2266 1007 2307 nota?

59 2342 61 2344 ·
92 2331 186 2365 tene
212 2324 353 2365 ferunt
377 2323 567 2378 geminos
592 2324 794 2378 pressisse
819 2322 1020 2364 tenaciter
1046 2335 1219 2375 angueS,

151 2395 246 2421 cum
271 2388 389 2421 tener
414 2381 457 2420 in
483 2380 600 2420 cunis
624 2380 709 2420 iam
734 2380 836 2420 Iove
863 2379 1016 2434 dignus
1043 2378 1160 2419 elas?

95 2436 267 2491 coepisti
292 2436 461 2485 melius,
488 2450 615 2489 quam
641 2436 809 2477 desinis.
870 2436 1017 2476 ultima
1041 2433 1185 2488 primis

152 2493 318 2533 cedunt.
380 2492 600 2533 dissimiles
626 2492 693 2533 hic
718 2492 781 2532 vir
806 2499 846 2532 et
870 2492 938 2532 1110
964 2506 1081 2545 puer.

96 2564 221 2603 quem
246 2563 329 2589 non
355 2549 468 2589 mille
493 2548 627 2597 ferae,
653 2562 779 2602 quem
804 2562 887 2588 non
915 2547 1180 2589 Stheneleius
1206 2546 1349 2595 hostis,

151 2619 233 2646 non
260 2605 398 2660 potuit
423 2605 530 2646 Iuno
556 2604 741 2646 vincere:
769 2604 898 2645 vincit
922 2604 1071 2644 Amor.

97 2670 139 2703 at
163 2662 270 2703 bene
295 2669 427 2716 nupta
451 2661 574 2710 feror,
600 2662 700 2715 quia
724 2661 917 2701 nominor
943 2660 1137 2701 Herculis
1163 2674 1282 2708 uxor,

155 2719 291 2772 sitque
317 2733 447 2766 socer,
472 2718 628 2773 rapidis
655 2718 726 2771 qui
752 2725 867 2758 tonat
894 2717 1001 2758 altus
1028 2717 1162 2771 equis!

99 2788 226 2829 quam
250 2775 360 2816 male
384 2775 626 2829 inaequales
653 2774 826 2816 veniunt
852 2774 904 2815 ad
930 2781 1065 2815 aratra
1091 2773 1270 2823 iuvenci,

1395 250 1450 290 20

1478 466 1542 496 110

1479 749 1542 779 115

1483 1030 1545 1060 120

1373 1197 1486 1232 Dezcm
1494 1197 1547 1230 ira

1381 1243 1420 1276 H
1418 1244 1510 1276 ercul
1514 1243 1533 1275 ι’.

1485 1709 1526 1739 10

1487 1993 1527 2021 17>

1485 2275 1526 2305 ¹20
