1831 3168
294 251 379 294 220
414 257 618 295 ΡΟΕΤΑΕ
646 254 883 292 OVIDIANI
909 253 1108 289 SAPPHO
1134 252 1330 288 PHAONI
1354 253 1547 289 210-220.

204 357 270 389 210
350 342 431 384 hoc
457 349 516 389 te,
542 339 576 381 si
602 351 789 393 saperes,
813 336 945 385 lente,
971 335 1148 377 decebat
1173 349 1291 390 opus.

296 399 382 441 sive
408 397 539 444 redis,
565 395 783 451 puppique
808 401 906 435 tuae
932 393 1075 434 votiva
1100 400 1301 447 parantur

351 468 548 502 munera,
574 451 677 506 quid
701 451 860 492 laceras
887 457 1056 505 pectora
1080 458 1224 490 nostra
1248 448 1390 489 mora?

296 508 588 554 solveratem!
627 508 776 550 Venus
801 514 893 548 orta
918 506 1023 547 mari
1048 521 1162 547 mare
1187 512 1372 560 praestat
1397 504 1567 546 amanti.

354 583 457 610 aura
481 566 598 608 dabit
622 579 812 613 cursum,
838 572 881 604 tu
909 563 1034 604 modo
1060 563 1175 604 solve
1200 570 1346 603 ratem.

206 640 271 671 215
299 626 387 681 ipse
412 621 668 680 gubernabit
691 620 879 663 residens
905 620 947 660 in
973 635 1114 675 puppe
1142 618 1329 674 Cupido:

353 682 443 737 ipse
469 679 586 721 dabit
610 686 754 721 tenera
778 678 873 719 vela
897 677 1094 732 legetque
1120 691 1261 716 manu.

298 739 385 781 sive
410 738 529 779 iuvat
552 737 678 791 longe
703 735 863 790 fugisse
888 733 1118 788 Pelasgida
1144 732 1349 788 Sapphon

355 795 453 849 (nec
477 802 618 835 tamen
643 791 853 840 invenies,
879 805 954 832 cur
978 805 1057 845 ego
1085 790 1214 845 digna
1238 789 1374 844 fuga),

299 852 378 894 hoc
403 851 551 893 saltem
575 849 753 890 miserae
779 847 959 890 crudelis
984 847 1159 902 epistola
1185 845 1310 895 dicat,

207 920 274 955 220
355 916 403 950 ut
426 907 528 949 mihi
553 905 797 947 Leucadiae
822 904 910 946 fata
934 912 1131 959 petantur
1157 917 1304 957 aquae.

559 1450 925 1505 POETAE
989 1447 1428 1503 OVIDIANI

905 1582 1077 1624 NUX.

306 1758 406 1799 Nux
431 1770 511 1812 ego
535 1755 679 1797 iuncta
703 1755 815 1803 viae,
843 1768 939 1796 cum
965 1752 1044 1793 sim
1071 1752 1160 1794 sine
1186 1751 1358 1793 crimine
1384 1751 1510 1801 vitae,

363 1829 388 1854 a
411 1812 569 1869 populo
594 1812 704 1853 saxis
730 1817 1024 1866 praetereunte
1050 1817 1182 1864 petor.

308 1871 485 1912 obruere
510 1870 591 1910 ista
616 1869 721 1909 solet
744 1867 990 1908 manifestos
1015 1880 1153 1920 poena
1178 1872 1391 1914 nocentes,

364 1926 535 1981 publica
561 1939 656 1966 cum
682 1926 838 1966 lentam
865 1937 947 1964 non
975 1923 1085 1976 capit
1110 1923 1172 1963 ira
1197 1936 1371 1962 moram.

262 1999 282 2028 5
309 1983 364 2024 nil
391 1997 470 2038 ego
496 1981 688 2037 peccavi:
714 1980 795 2021 nisi
821 1979 854 2020 si
879 1993 1075 2033 peccasse
1102 1986 1275 2019 vocetur

367 2054 507 2080 annua
531 2038 682 2078 cultori
706 2051 833 2092 poma
857 2035 1012 2076 referre
1038 2049 1126 2075 suo,

310 2103 350 2137 at
376 2095 491 2151 prius
517 2094 756 2141 arboribus,
781 2101 882 2134 tunc
908 2106 1003 2133 cum
1029 2091 1203 2132 meliora
1226 2089 1397 2132 fuerunt

367 2161 577 2207 tempora,
604 2159 815 2192 certamen
841 2148 1066 2190 fertilitatis
1094 2155 1195 2189 erat.

311 2218 411 2250 tunc
436 2208 593 2249 domini
619 2221 825 2248 memores
851 2205 970 2247 sertis
996 2220 1145 2245 ornare
1172 2204 1363 2245 solebant

246 2281 287 2311 10
370 2265 574 2321 agricolas
600 2264 740 2305 fructu
765 2262 1037 2318 proveniente
1064 2261 1177 2302 deos.

313 2337 437 2378 saepe
463 2329 556 2363 tuas
582 2321 722 2376 igitur,
749 2320 894 2368 Liber,
919 2319 1095 2360 miratus
1122 2333 1166 2360 es
1191 2333 1314 2359 uvas:

368 2379 518 2420 mirata
543 2388 605 2419 est
631 2378 745 2419 oleas
771 2391 897 2432 saepe
922 2376 1120 2416 Minerva
1145 2390 1255 2416 suas.

312 2450 521 2492 pomaque
546 2434 764 2476 laesissent
790 2442 980 2480 matrem,
1006 2432 1086 2473 nisi
1112 2431 1280 2473 subdita
1304 2444 1420 2472 ramo

371 2493 499 2547 longa
522 2491 731 2533 laboranti
755 2490 876 2531 furca
900 2490 1064 2530 tulisset
1089 2503 1225 2543 opem.

248 2564 287 2593 15
314 2549 416 2603 quin
441 2548 566 2590 etiam
592 2548 786 2602 exemplo
811 2547 1001 2602 pariebat
1025 2546 1183 2587 femina
1206 2551 1362 2593 nostro,

370 2606 570 2659 nullaque
595 2620 679 2646 non
705 2605 775 2645 illo
801 2612 987 2658 tempore
1012 2610 1146 2643 mater
1171 2608 1271 2642 erat.

315 2671 354 2703 at
381 2670 605 2717 postquam
631 2660 811 2716 platanis
837 2660 1020 2702 sterilem
1045 2658 1344 2714 praebentibus
1369 2655 1564 2697 umbram

371 2718 539 2759 uberior
563 2718 712 2772 quavis
739 2717 887 2758 arbore
914 2716 1027 2758 venit
1051 2715 1198 2764 honos,

315 2789 390 2816 nos
416 2788 584 2829 quoque
609 2774 859 2829 frugiferae,
885 2773 919 2814 si
944 2788 1030 2814 nux
1055 2771 1181 2813 modo
1206 2784 1339 2826 ponor
1363 2769 1406 2810 in
1431 2769 1524 2818 illis,
