1831 3168
452 244 605 280 ARTIS
630 245 936 281 AMATORIAE
960 244 1056 279 LlB.
1084 244 1130 278 11.
1158 243 1350 279 534-621.

275 326 459 382 disponit
484 327 671 381 laqueos,
731 327 890 368 lumina
916 326 1021 367 fallit
1047 341 1166 381 opus.

219 383 340 438 fingit
364 384 443 425 iter
468 383 693 425 Lemnum.
755 384 929 426 veniunt
955 383 1008 424 ad
1033 383 1182 424 foedus
1208 391 1417 425 amantes:

279 440 470 495 impliciti
496 441 656 494 laqueis
681 441 820 482 nudus
846 449 1022 494 uterque
1049 440 1198 481 iacent.

219 505 423 538 convocat
448 497 517 539 ille
544 498 663 547 de0s3
690 498 893 553 praebent
919 497 1159 552 spectacula
1184 496 1315 550 capti:

276 554 346 595 vix
371 554 565 595 lacrimas
590 555 801 596 Venerem
828 553 1081 597 continuisse
1107 562 1269 608 putant.

218 625 301 652 non
327 611 466 652 vultus
493 611 646 652 texisse
673 626 790 659 SUOS,
816 626 900 652 non
926 610 1108 663 denique
1134 616 1309 664 possunt

275 668 465 723 partibus
491 667 684 709 obscenis
710 667 955 722 obposuisse
980 681 1144 706 manus.

219 724 285 766 hic
312 724 462 778 aliquis
489 725 628 766 ridens
655 725 716 766 ‘in
741 740 827 773 me,
854 723 1079 765 fortissime
1104 722 1295 771 BIavors,

279 781 314 822 si
339 781 412 822 tibi
439 789 534 822 sunt
560 782 694 831 oneri,
721 781 889 822 vincula
914 778 1132 820 transferl’
1160 778 1230 818 ait.

221 837 290 879 vix
315 838 533 893 precibus,
559 838 776 893 Neptune,
802 837 884 878 tuis
911 836 1079 891 captiva
1103 834 1274 876 resolvit

279 909 467 950 corpora.
528 895 647 935 Mars
674 895 866 936 Threeen
891 899 1087 947 occupat,
1113 891 1185 932 illa
1208 890 1421 945 Paphum.

220 952 300 993 hoc
324 952 400 993 tibi
426 951 635 1007 perfecto,
662 951 873 999 Vulczme,
901 949 1015 1004 quod
1041 957 1136 990 ante
1162 947 1375 1003 tegebant,

276 1009 448 1050 liberius
473 1008 654 1057 faciunt,
681 1016 721 1049 et
745 1007 883 1063 pudor
907 1005 1042 1048 omnis
1069 1005 1201 1046 abest.

221 1080 346 1121 saepe
373 1075 513 1107 tamen
540 1065 712 1106 demens
738 1065 863 1106 stulte
888 1063 1038 1105 secisse
1063 1062 1221 1111 fateris,

278 1131 401 1176 teque
427 1122 568 1164 ferunt
592 1122 677 1163 irae
702 1120 958 1177 paenituisse
984 1128 1094 1161 tuae.

220 1179 300 1221 hoc
326 1179 453 1221 vetui.
514 1193 610 1228 vos,
637 1192 753 1228 ecce,
779 1185 893 1220 vetat
919 1178 1125 1232 deprensa
1149 1175 1291 1217 Dione

277 1236 450 1277 insidias
476 1236 586 1284 illas,
613 1249 718 1289 quas
744 1235 839 1276 tulit
862 1235 974 1290 ipsa,
1000 1235 1113 1276 dare.

219 1307 298 1334 nec
322 1307 396 1333 vos
421 1292 541 1334 rivali
565 1293 737 1346 laqueos
763 1292 991 1348 disponite,
1016 1305 1095 1333 nec
1120 1305 1195 1332 vos

279 1349 458 1405 excipite
484 1363 638 1390 arcana
662 1349 792 1391 verba
816 1357 960 1390 notata
984 1363 1126 1389 manu.

220 1406 300 1448 ista
324 1406 403 1448 viri
428 1414 616 1461 captent,
642 1405 676 1447 si
700 1407 785 1447 iam
812 1405 1021 1461 captanda
1046 1404 1269 1461 putabunt,

279 1478 383 1518 quos
409 1463 535 1505 faciet
558 1464 692 1505 iustos
716 1463 827 1518 ignis
854 1473 893 1505 et
919 1463 1033 1504 unda
1058 1463 1182 1503 viros.

223 1535 294 1570 en,
320 1520 472 1562 iterum
498 1528 640 1562 testor.
701 1521 804 1561 nihil
828 1520 913 1568 hic,
940 1520 1020 1560 nisi
1045 1520 1140 1574 lege
1165 1517 1388 1560 remissum

279 1577 450 1618 luditur.
511 1577 555 1618 in
580 1577 733 1618 nostris
758 1577 902 1618 instita
926 1577 1042 1617 nulla
1067 1576 1183 1616 ioeis.

222 1634 316 1689 quis
343 1632 510 1676 Cereris
534 1634 639 1675 ritus
666 1634 775 1675 ausit
799 1634 974 1688 vulgare
999 1633 1201 1687 profanis,

280 1705 520 1747 magnaque
546 1690 742 1732 Threicia
768 1705 887 1732 sacra
910 1699 1077 1745 reperta
1103 1688 1258 1731 Samo?

224 1747 379 1803 exigua
404 1756 467 1790 est
491 1747 624 1789 virtus
650 1755 864 1803 praestare
890 1747 1054 1789 silentia
1080 1747 1220 1794 rebus,

281 1813 323 1846 at
348 1813 492 1847 eontra
516 1805 658 1860 gravis
684 1812 747 1846 est
772 1805 896 1860 eulpa
921 1803 1100 1845 tacenda
1123 1803 1252 1857 loqui.

225 1877 248 1903 o
273 1861 400 1912 bene,
425 1862 539 1916 quod
564 1861 719 1903 frustra
745 1861 922 1916 captatis
948 1861 1096 1902 arbore
1121 1859 1257 1915 pomis

280 1919 476 1975 garrulus
501 1918 544 1959 in
568 1918 708 1960 media
732 1918 937 1960 Tantalus
964 1929 1052 1959 aret
1079 1916 1213 1971 aqua!

222 1976 448 2032 praecipue
475 1973 689 2030 Cytherea
711 1975 830 2017 iubet
855 1990 932 2016 sua
957 1989 1076 2015 saera
1101 1973 1250 2015 taceri:

282 2033 508 2082 admoneO,
536 2033 677 2074 veniat
702 2032 852 2086 nequis
878 2032 931 2073 ad
956 2031 1027 2073 illa
1050 2031 1220 2084 loquax.

226 2090 394 2132 condita
419 2090 453 2131 si
477 2104 562 2131 non
587 2097 686 2131 sunt
709 2089 888 2132 Veneris
914 2088 1115 2143 mysteria
1140 2087 1268 2136 cistis,

282 2161 361 2189 nec
386 2161 490 2188 cava
515 2147 707 2188 vaesanis
731 2146 886 2187 ictibus
912 2161 1009 2188 aera
1036 2153 1200 2193 sonant,

228 2210 412 2245 attamen
438 2203 546 2244 inter
569 2217 646 2244 nos
672 2203 811 2244 medio
836 2210 1059 2244 versantur
1083 2202 1126 2242 in
1151 2216 1246 2249 usu,

286 2259 359 2301 sed
385 2259 462 2309 sic,
487 2259 596 2301 inter
619 2273 695 2300 nos
720 2267 768 2300 ut
791 2259 962 2301 latuisse
988 2258 1131 2299 velint.

228 2316 320 2372 ipsa
343 2316 491 2358 Venus
515 2315 692 2370 pubem,
718 2317 912 2369 quotiens
937 2314 1146 2356 velamina
1169 2314 1300 2369 ponit,

286 2372 522 2428 protegitur
544 2373 666 2414 laeva
692 2372 972 2416 semireducta
996 2386 1140 2412 manu.

230 2429 274 2470 in
298 2429 438 2471 medio
462 2429 705 2483 passimque
731 2429 813 2470 coit
838 2443 980 2484 pecus.
1041 2428 1120 2468 hoc
1145 2440 1313 2481 quoque
1340 2427 1428 2468 viso

291 2486 440 2527 avertit
465 2486 603 2527 vultus
629 2501 753 2541 saepe
778 2486 919 2540 puella
945 2499 1055 2526 suos.

233 2542 488 2585 conveniunt
514 2542 687 2583 thalami
712 2542 835 2583 furtis
860 2550 902 2584 et
926 2542 1054 2583 ianua
1078 2541 1245 2589 nostris,

292 2613 474 2656 parsque
499 2599 578 2640 sub
603 2599 756 2641 iniecta
781 2607 895 2641 veste
921 2599 1119 2654 pudenda
1142 2599 1262 2639 latet:

235 2665 277 2700 et
302 2657 337 2699 si
361 2671 445 2698 non
471 2656 684 2705 tenebras,
711 2664 754 2697 at.
778 2656 980 2710 quiddam
1004 2655 1129 2696 nubis
1156 2668 1314 2709 opacae

292 2713 534 2768 quaerimus
560 2721 686 2767 atque
712 2712 872 2766 aliquid
896 2713 988 2754 luce
1013 2719 1184 2767 patente
1207 2711 1360 2752 minus.

1505 233 1587 276 173

1617 450 1686 481 580

1619 734 1686 765 585

1619 1016 1686 1046 590

1621 1301 1688 1331 595

1624 1587 1691 1617 60⁴)

1627 1871 1693 1901 (305

1630 2156 1697 2186 cio

1631 2439 1696 2469 615

1633 2725 1699 2755 620

236 2779 336 2813 tunc
361 2784 551 2826 quoque,
577 2785 674 2812 eum
700 2770 830 2812 solem
855 2770 1043 2811 nondum
1068 2768 1320 2825 prohibebat
1346 2776 1387 2810 et
1410 2766 1590 2809 imbrem
