1831 3168
472 242 744 280 HEROIDUM
770 242 834 279 IV.
861 243 1030 278 50—137.
1408 234 1427 272 1
1435 231 1462 273 3

154 325 424 368 conciderant
448 325 518 366 illo
543 325 803 380 percutiente
828 324 960 366 ferae:

98 398 174 425 nec
201 390 340 424 tamen
365 382 559 423 Aurorae
584 382 693 423 male
720 396 763 423 se
789 381 1019 436 praebebat
1044 379 1291 430 amandum3
1492 391 1536 420 95

154 440 242 480 ibat
267 439 320 480 ad
346 438 458 479 hunc
483 438 648 494 sapiens
675 454 699 479 a
725 453 823 479 sene
850 438 948 478 diva
974 437 1076 478 viro.

99 511 224 551 saepe
250 496 328 536 sub
354 495 519 536 ilicibus
545 496 754 537 Venerem
781 493 1025 549 Cinyraque
1051 501 1237 535 creatum

157 552 356 594 sustinuit
380 552 538 606 positos
564 552 776 605 quaelibet
800 551 932 592 herba
957 551 1075 592 duos.

100 610 200 650 arsit
226 618 265 651 et
291 607 479 650 Oenides
504 608 547 648 in
571 608 789 649 Maenalia
813 608 1036 648 Atalanta:

157 667 228 707 illa
252 666 366 706 ferae
391 665 571 719 spolium
595 664 749 718 pignus
776 664 928 704 amoris
955 664 1094 704 habet.
1495 675 1561 705 100

101 737 176 763 nos
202 736 370 776 quoque
395 721 478 761 iam
504 721 688 775 primum
713 720 837 760 turba
861 734 1132 760 numeremur
1156 720 1199 760 in
1224 720 1323 760 ista:

159 778 193 819 si
221 779 430 820 Venerem
456 777 596 825 tollas,
621 776 779 817 rustica
804 776 910 817 silva
934 783 1007 816 tua
1032 783 1108 816 est.

100 836 193 891 ipsa
219 849 358 876 comes
384 833 570 882 veniam,
596 847 674 874 nec
699 847 766 874 me
791 832 1001 873 latebrosa
1026 832 1255 873 movebunt

159 907 261 933 saxa
285 905 422 944 neque
448 890 618 943 obliquo
644 889 769 930 dente
794 888 1005 930 timendus
1030 903 1144 943 aper.

102 962 286 1002 aequora
309 947 410 988 bina
435 947 521 988 suis
547 947 796 1001 obpugnant
820 945 1018 986 fluctibus
1044 945 1249 994 Isthmon,
1498 958 1563 987 105

161 1012 202 1047 et
226 1004 363 1046 tenuis
389 1004 512 1045 tellus
538 1003 655 1044 audit
680 1011 906 1056 utrumque
930 1016 1059 1044 mare.

102 1062 170 1103 hic
194 1069 332 1103 tecum
358 1061 577 1102 Troezena
602 1060 757 1108 colam,
782 1059 968 1100 Pittheia
992 1073 1144 1114 regna:

159 1119 244 1160 iam
269 1132 382 1159 nunc
407 1124 471 1159 est
494 1117 630 1172 patria
654 1117 813 1171 gratior
837 1116 907 1157 illa
933 1130 1039 1157 mea.

104 1185 291 1230 tempore
318 1175 437 1215 abest
462 1173 700 1227 (aberitque
727 1173 818 1227 diu)
843 1172 1083 1227 Neptunius
1109 1171 1252 1213 heros:

159 1232 277 1273 illum
302 1231 483 1272 Pirithoi
509 1230 665 1272 detinet
690 1245 763 1271 ora
789 1230 867 1271 sui.
1501 1241 1567 1270 110

103 1288 346 1345 praeposuit
371 1288 562 1329 Theseus
585 1311 643 1317 —-
667 1287 748 1328 nisi
772 1301 848 1328 nos
873 1286 1099 1328 manifesta
1123 1300 1330 1341 negamus
1355 1308 1412 1313 —-

149 1345 398 1386 Pirithoum
422 1344 645 1385 Phaedrae
669 1343 994 1398 Pirithoumque
1019 1343 1108 1385 tibi.

105 1402 194 1443 sola
218 1417 296 1443 nec
321 1402 425 1443 haec
451 1401 505 1442 ad
529 1416 605 1442 nos
630 1401 781 1442 iniuria
807 1401 922 1442 venit
946 1401 1000 1442 ab
1025 1401 1117 1441 illo:

161 1459 205 1501 in
229 1459 394 1514 magnis
419 1458 521 1500 laesi
546 1458 672 1499 rebus
698 1465 874 1512 uterque
901 1473 1060 1499 sumus.

107 1530 202 1557 ossa
225 1517 308 1557 mei
333 1516 474 1556 fratris
500 1515 620 1557 clava
644 1515 854 1569 perfracta
878 1515 1033 1556 trinodi
1503 1525 1568 1554 115

164 1573 315 1628 sparsit
339 1573 469 1613 humi.
530 1586 646 1613 soror
672 1579 734 1613 est
758 1572 917 1626 praeda
942 1572 1086 1613 relicta
1110 1570 1223 1612 feris.

107 1630 244 1685 prima
268 1629 529 1684 securigeras
554 1629 662 1669 inter
686 1628 840 1669 virtute
866 1628 1029 1683 puellas

165 1695 205 1728 te
230 1686 412 1741 peperit,
438 1685 525 1726 nati
551 1685 681 1739 digna
705 1685 850 1740 vigore
875 1699 1040 1739 parens.

108 1744 142 1786 si
168 1757 367 1798 quaeras,
393 1742 467 1783 ubi
492 1741 562 1783 sit:
588 1741 781 1782 Theseus
805 1742 915 1782 latus
941 1756 1040 1783 ense
1065 1740 1247 1795 peregit3

164 1814 242 1841 nec
268 1807 383 1840 tanto
409 1806 543 1840 mater
567 1798 744 1853 pignore
770 1805 861 1839 tuta
886 1798 983 1838 fuit!
1505 1808 1571 1839 120

109 1866 152 1899 at
175 1872 228 1899 ne
253 1863 387 1911 nupta
411 1855 583 1909 quidem
608 1855 815 1909 taedaque
841 1862 1015 1909 accepta
1039 1853 1172 1908 iugali

167 1928 253 1962 cur,
278 1913 359 1954 nisi
383 1927 436 1953 ne
462 1926 634 1967 caperes
659 1926 791 1966 regna
815 1919 991 1966 paterna
1015 1909 1197 1952 nothus?

111 1970 271 2012 addidit
295 1977 336 2011 et
360 1969 511 2010 fratres
538 1984 588 2010 ex
615 1983 681 2010 me
707 1968 795 2009 tibi.
855 1982 961 2022 quos
987 1976 1128 2009 tamen
1153 1965 1288 2008 omnis

166 2042 250 2068 non
276 2041 355 2082 ego
382 2026 554 2068 tollendi
579 2040 726 2074 causa,
753 2025 828 2066 sed
851 2025 920 2066 ille
946 2025 1038 2066 fuit.

110 2100 135 2127 o
160 2085 321 2126 utinam
346 2083 537 2124 nocitura
562 2082 636 2123 tibi
646 2113 657 2131 ,
683 2082 962 2137 pulcherrime
987 2097 1141 2130 rerum,
1508 2092 1573 2121 125

167 2142 210 2183 in
234 2141 373 2182 medio
398 2140 493 2181 nisu
519 2139 680 2180 viscera
704 2146 829 2194 rupta
853 2138 1009 2180 forent!

112 2199 125 2240 i
149 2213 274 2247 nunc,
300 2197 360 2239 sic
385 2196 521 2238 meriti
545 2197 701 2237 lectum
726 2211 918 2237 reverere
944 2195 1148 2250 parentis:

169 2270 295 2309 quem
320 2254 431 2310 fugit
456 2261 496 2295 et
520 2253 643 2294 factis
669 2253 838 2293 abdicat
861 2252 930 2294 ille
957 2252 1056 2293 suis.

113 2327 210 2362 nec,
235 2312 334 2365 quia
359 2311 555 2366 privigno
580 2310 725 2351 videar
750 2310 911 2350 coitura
934 2323 1130 2357 noverca,

171 2368 392 2411 terruerint
419 2368 581 2408 animos
606 2366 777 2408 nomina
801 2381 910 2407 vana
935 2374 1044 2406 tuos.
1510 2375 1575 2405 130

115 2426 194 2467 ista
219 2433 339 2466 vetus
362 2424 517 2478 pietas,
544 2437 651 2464 aevo
677 2423 879 2463 moritura
903 2422 1059 2469 futuro,

173 2481 328 2523 rustica
354 2479 538 2522 Saturno
563 2494 695 2534 regna
720 2486 888 2520 tenente
914 2478 1006 2518 fuit.

116 2538 309 2594 Iuppiter
334 2551 425 2578 esse
451 2536 567 2592 pium
594 2535 756 2584 statuit,
783 2535 1081 2588 quodcumque
1106 2533 1287 2574 iuvaret:

175 2604 215 2637 et
239 2595 304 2635 fas
330 2608 452 2634 omne
477 2593 577 2633 facit
603 2592 730 2633 fratre
757 2591 907 2632 marita
931 2605 1060 2632 soror.

119 2653 189 2694 illa
213 2651 296 2693 coit
319 2650 440 2691 firma
464 2649 630 2705 generis
656 2649 850 2689 iunctura
875 2655 1035 2695 catena,
1514 2658 1578 2688 135

174 2708 374 2764 imposuit
399 2707 531 2748 nodos
557 2706 626 2747 cui
650 2705 797 2747 Venus
822 2705 915 2760 ipsa
940 2718 1051 2746 suos.

119 2781 197 2809 nec
221 2765 342 2808 labor
366 2771 447 2807 est:
474 2763 608 2806 celare
634 2762 743 2804 licet.
802 2769 899 2817 pete
924 2775 1077 2802 munus
1104 2759 1156 2801 ab
1181 2759 1271 2801 illa:
