1831 3168
327 193 408 235 162
776 200 819 233 P.
848 199 992 235 ovlm
1019 199 1237 235 NASONIS

380 283 546 331 ‘Icarc‚'
573 282 725 324 clamat
751 281 843 322 ‘ubi
869 296 914 323 cs
939 295 1107 335 quoque
1133 281 1212 322 sub
1239 296 1316 323 axe
1342 281 1501 322 xolasist

256 356 297 386 95
325 341 481 382 ‘Icare’
510 338 740 380 clamabat:
766 337 915 394 pinnas
963 340 1128 395 aspexit
1160 338 1201 379 in
1229 338 1365 379 undis.

381 412 475 438 ossa
501 396 606 450 tegit
630 395 774 444 tellus3
801 409 986 448 aequora
1010 409 1165 436 nomen
1191 394 1361 436 habent.
1389 419 1444 424 -—

323 469 407 494 non
432 453 569 508 potuit
593 451 738 493 Minos
764 427 945 492 hominis
971 466 1224 507 conpescere
1251 452 1421 507 pinnas:

380 510 469 565 ipse
496 510 623 551 deum
648 509 862 551 volucrem
888 508 1115 550 detinuisse
1141 523 1256 564 paro.

324 567 496 616 fallitur,
521 565 782 608 Haemonias
808 565 939 631 siquis
966 565 1150 607 decurrit
1174 566 1227 606 ad
1253 573 1363 608 altes

235 641 298 671 100
381 624 556 678 datque,
582 623 696 677 quod
722 639 746 664 a
772 622 903 664 teneri
929 621 1065 664 fronte
1091 623 1252 664 revellit
1279 623 1388 677 equi.

323 695 406 722 non
433 680 606 730 facient,
632 687 678 721 ut
704 680 817 721 vivat
844 694 973 729 amor,
1001 680 1221 721 Mede'i'des
1247 679 1402 721 herbae

381 738 596 791 mixtaque
622 752 719 778 cum
745 737 920 792 magicis
946 737 1098 779 naenia
1123 736 1271 777 Marsa
1297 737 1423 778 sonis.

324 795 502 836 Phasias
528 794 796 844 Aesoniden,
824 792 948 835 Circe
974 794 1177 835 tenuisset
1201 793 1389 843 Ulixem,

383 853 418 893 si
444 852 568 893 modo
595 851 753 892 servari
779 851 962 893 carmine
989 858 1131 906 posset
1156 865 1285 891 amor.

235 924 297 954 105
324 924 401 951 nec
427 909 524 949 data
550 908 1008 974 1)1·'otuc1int·pallentia
1033 907 1187 963 philtra
1211 908 1381 962 puellis:

382 965 535 1022 philtra
559 973 710 1007 nocent
737 965 888 1007 animis
913 965 1084 1020 vimque
1109 964 1262 1006 furoris
1287 964 1457 1006 habent.

325 1023 374 1064 sit
401 1023 547 1078 procul
573 1038 696 1064 omne
722 1022 855 1064 nefins
916 1030 963 1064 ut
989 1022 1154 1071 ameris,
1181 1021 1373 1063 amabilis
1401 1031 1503 1072 esto,

382 1080 496 1134 quod
521 1079 596 1120 tibi
623 1094 708 1121 non
732 1079 862 1121 facies
889 1080 1030 1121 solave
1055 1079 1192 1120 torma
1221 1079 1350 1127 dabit,

325 1136 378 1178 sit
402 1137 498 1179 licet
524 1136 696 1190 antiquo
721 1136 876 1178 Nireus
903 1136 1122 1178 adamatus
1149 1137 1339 1178 Homero

235 1209 299 1239 110
381 1194 678 1248 Naiadumque
703 1201 822 1236 tener
847 1193 1018 1235 crimine
1044 1200 1188 1248 raptus
1214 1194 1365 1248 Hylas,

324 1258 371 1292 ut
395 1250 609 1292 dominam
634 1258 777 1293 teneas
803 1265 881 1292 nec
906 1258 945 1292 te
971 1250 1121 1292 mirere
1146 1250 1353 1300 relictum,

381 1307 540 1363 ingenii
566 1307 684 1349 dotes
710 1307 894 1362 corporis
920 1307 1027 1349 adde
1054 1307 1187 1348 bonis.

324 1364 461 1405 forma
490 1364 651 1405 bonum
683 1364 832 1419 fragile
859 1371 940 1413 est,
972 1372 1262 1418 quantumque
1287 1363 1448 1406 accedit
1474 1363 1527 1405 ad
1553 1378 1697 1414 annos,

381 1422 428 1462 fit
451 1421 587 1462 minor
612 1428 653 1462 et
679 1421 813 1476 spatio
840 1421 1024 1476 carpitur
1049 1421 1140 1476 ipsa
1165 1435 1254 1462 suo.

235 1494 297 1524 115
323 1493 402 1521 nec
426 1478 562 1520 violae
588 1493 807 1533 semper-ve
833 1477 1105 1533 hyacinthina
1129 1477 1216 1519 lilia
1241 1478 1404 1528 florent,

383 1542 424 1577 et.
448 1535 557 1590 riget
582 1535 737 1576 amissa
762 1535 882 1590 spina
906 1534 1051 1576 relicta
1075 1549 1183 1575 rosa.

324 1599 364 1634 et
389 1592 466 1633 tibi
490 1592 575 1633 iam
600 1592 771 1634 venient
796 1591 908 1641 cani,
934 1591 1136 1641 formose,
1163 1591 1316 1647 capilli,

381 1649 464 1690 iam
490 1648 660 1691 venient
684 1664 838 1704 rugae,
865 1663 974 1702 quae
1000 1648 1077 1690 tibi
1102 1663 1255 1704 corpus
1282 1656 1412 1690 arent.

324 1707 407 1748 iam
433 1706 579 1752 molire
604 1706 812 1756 animum,
839 1706 912 1760 qui
938 1706 1080 1754 duret,
1106 1713 1147 1747 et
1171 1706 1342 1747 adstrue
1367 1705 1548 1748 formae:

235 1780 299 1811 120
383 1764 497 1805 solus
523 1763 578 1804 ad
602 1771 811 1805 extremos
837 1770 1056 1819 permanet
1081 1763 1150 1805 ille
1176 1777 1315 1818 rogos.

324 1835 402 1862 nec
426 1820 531 1862 levis
557 1820 763 1875 ingenuas
789 1827 936 1875 pectus
963 1819 1143 1861 coluisse
1168 1835 1243 1875 per
1268 1829 1377 1862 artes

382 1892 483 1919 cura
509 1877 561 1918 sit
586 1885 627 1918 et
651 1877 819 1931 linguas
846 1877 1065 1918 edidicisse
1092 1877 1210 1918 duas.

324 1948 410 1975 non
434 1934 645 1975 formosus
673 1941 778 1982 erat,
805 1933 879 1974 sed
905 1941 992 1974 erat
1017 1933 1227 1975 facundus
1252 1932 1416 1982 Ulixes,

383 1998 422 2032 et
448 1998 589 2032 tamen
615 2004 846 2044 aequoreas
872 1990 990 2031 torsit
1015 2004 1156 2031 amore
1183 1990 1296 2032 deas.

236 2062 299 2093 125
327 2063 349 2089 o
376 2048 569 2102 quotiens
593 2047 712 2088 illum
738 2047 871 2088 doluit
895 2061 1120 2102 properare
1148 2045 1335 2102 Calypso

382 2105 643 2160 remigioque
669 2112 787 2159 aptas
813 2118 903 2146 esse
928 2103 1100 2159 negavit
1125 2104 1275 2158 aquas!

325 2162 430 2203 haec
455 2161 608 2203 Troiae
635 2176 756 2203 casus
782 2161 1020 2215 iterumque
1045 2161 1282 2216 iterumque
1307 2161 1502 2217 rogabat:

381 2219 451 2260 ille
476 2218 632 2260 referre
658 2218 778 2260 aliter
802 2233 930 2273 saepe
955 2218 1117 2259 solebat
1141 2218 1266 2260 idem.

325 2276 444 2318 litore
471 2275 755 2317 constiterant.
815 2275 900 2316 illic
926 2289 1095 2330 quoque
1120 2275 1297 2331 pulchra
1323 2274 1510 2332 Calypso

237 2347 301 2377 130
384 2332 514 2388 exigit
540 2331 716 2388 Odrysii
741 2332 829 2374 fata
854 2340 1026 2374 cruenta
1051 2332 1184 2374 ducis.

326 2389 394 2431 ille
420 2390 501 2431 levi
527 2390 647 2445 virga
636 2349 854 2445 y(virgam
879 2404 977 2430 nam
1002 2389 1110 2431 forte
1136 2389 1338 2444 tenebat),

384 2447 497 2500 quod
522 2455 662 2502 rogat,
687 2447 731 2487 in
757 2446 890 2501 spisso
915 2446 1034 2488 litore
1059 2446 1193 2502 pingit
1220 2461 1339 2502 opus.

327 2502 469 2544 ‘haec’
495 2504 632 2557 inquit
657 2503 807 2544 ‘Troia
832 2503 921 2552 est‚’
946 2527 1003 2532 —
1027 2517 1170 2545 muros
1195 2503 1239 2544 in
1263 2503 1383 2545 litore
1409 2503 1509 2545 fecit
1529 2528 1585 2533 —

386 2560 474 2601 ‘hic
499 2561 574 2602 tibi
599 2560 652 2602 sit
678 2559 852 2603 Simois:
878 2560 984 2602 haec
1009 2575 1103 2602 mea
1127 2568 1263 2602 castra
1287 2568 1402 2616 puta.

238 2629 301 2660 135
328 2631 503 2671 campus
525 2617 640 2667 erat,'
654 2642 711 2647 —
726 2631 1005 2672 campumque
1026 2616 1219 2658 facit—⁶
1228 2631 1355 2671 quem
1369 2617 1497 2660 caede
1517 2616 1698 2659 Dolonis

384 2673 632 2728 sparsimus,
657 2674 918 2715 Haemonios
943 2674 1044 2715 dum
1070 2674 1171 2729 vigil
1198 2682 1313 2730 optat
1340 2688 1483 2728 equos.

326 2729 410 2771 illio
437 2728 618 2772 Sithonii
643 2730 809 2772 fuerant
835 2730 1013 2772 tentoria
1038 2731 1187 2773 Rhesi:
