1831 3168
320 243 404 285 222
772 249 975 285 ΡΟΕΤΑΕ
1001 249 1238 286 OVIDIANI

378 335 570 376 duratam
597 339 771 374 renovat
795 346 878 372 non
904 330 1006 372 mihi
1031 331 1166 373 fossor
1190 331 1379 374 humum.

251 406 294 435 οἵ)
321 392 405 432 sole
431 391 528 431 licet
553 389 748 442 siccaque
774 389 841 429 siti
867 389 1051 443 peritura
1075 389 1280 430 laborem:

376 447 566 501 int-imme
594 445 762 486 dabitur
786 460 869 486 non
895 445 997 486 mihi
1021 460 1147 486 sucus
1173 460 1320 499 aquae.

320 512 361 545 ·1t
387 519 482 544 cum
509 512 693 543 maturas
719 502 816 543 fisso
842 516 951 543 nova
977 502 1128 543 cortice
1154 517 1243 542 run
1237 517 1281 543 ts

376 575 463 600 nux
488 559 594 614 agit,
621 559 675 600 ad
701 569 856 624 paltes·
866 558 1024 613 peltica
1049 574 1176 600 saeva
1202 559 1327 600 venit.

319 617 477 673 peltica
503 617 575 657 dat
599 616 732 670 plenis
757 615 919 656 inmitia
945 616 1119 657 vulnera
1143 616 1286 657 ramis:

253 687 294 715 To
376 674 479 715 haee
504 673 635 728 possit
659 673 847 727 lapidum
873 673 1046 714 vulneri
1070 687 1195 714 saeva
1220 672 1324 727 pati'

319 745 445 786 poma
469 730 625 771 eadunt
649 729 804 771 mensis
829 744 912 770 non
938 729 1157 771 interdieta
1183 729 1392 778 secundis,

377 795 417 829 et
443 787 583 828 condit
608 787 737 828 lectas
762 801 889 842 parea
915 787 1063 827 colona
1088 801 1229 828 nuces.

319 845 394 885 has
420 859 524 899 puer
550 851 622 884 aut
647 852 760 884 certo
786 852 921 884 sectas
948 843 1180 898 disseparat
1204 843 1303 892 ictu,

376 910 447 942 aut
472 915 628 956 pronus
655 900 786 954 digito
813 900 928 942 bisve
954 901 1136 942 semelve
1161 900 1276 955 petit.
1302 923 1359 928 —

253 969 292 998 55
319 968 517 1012 quattuor
542 958 584 998 in
609 958 805 1005 nucibus,
831 972 914 998 non
940 957 1142 1012 amplius,
1169 957 1261 997 alea
1286 964 1371 997 tota
1396 963 1469 1006 est,

377 1029 473 1056 eum
499 1014 579 1055 sibi
605 1014 830 1069 suppositis
857 1014 1024 1055 additur
1049 1029 1133 1055 una
1158 1013 1304 1055 tribus.

319 1087 393 1127 per
418 1071 586 1112 tabulae
612 1071 767 1112 clivum
791 1071 876 1112 labi
900 1071 1015 1112 iubet
1042 1071 1145 1112 alter
1170 1078 1209 1112 et
1236 1077 1366 1125 optat,

376 1137 521 1182 tangat
547 1135 594 1168 ut
619 1142 641 1168 e
666 1128 807 1168 multis
834 1128 1063 1181 quamlibet
1089 1143 1174 1168 una.
1199 1142 1331 1168 suam.

319 1193 381 1227 est
407 1185 552 1233 etiam,
578 1199 654 1239 par
679 1185 731 1225 sit
756 1200 974 1233 numerus,
1001 1185 1072 1238 qui
1098 1184 1228 1233 dieat,
1255 1199 1308 1224 an
1333 1183 1481 1239 impar,

249 1254 295 1284 «30
377 1250 422 1282 ut
449 1242 655 1282 divinatas
681 1241 843 1283 auferat
870 1256 1005 1296 augur
1031 1256 1143 1296 opes.

319 1298 365 1339 fit
390 1313 557 1352 quoque
584 1298 635 1339 de
661 1306 792 1346 creta,
819 1299 986 1352 qualem
1012 1298 1190 1339 caeleste
1215 1297 1393 1352 figuram

375 1355 491 1396 sidus
517 1364 555 1396 et
581 1355 623 1395 in
651 1353 827 1396 Graecis
852 1355 989 1395 littera
1015 1362 1164 1408 quarta
1188 1354 1308 1408 gerit.

318 1411 421 1453 haee
447 1411 520 1452 ubi
545 1411 738 1452 distincta
763 1419 823 1452 est
850 1411 1070 1465 gradibus,
1096 1410 1168 1463 qui
1194 1411 1377 1451 constitit
1402 1410 1525 1460 intus,

376 1476 476 1522 quot
502 1468 637 1522 tetigit
663 1468 801 1523 virga,
828 1477 887 1508 tot
914 1468 1022 1522 capit
1049 1468 1145 1508 inde
1170 1481 1313 1508 nuces.

248 1536 291 1566 εἴ)
319 1540 392 1566 vas
418 1539 586 1579 quoque
612 1539 736 1579 saepe
763 1539 913 1565 cavum
939 1524 1074 1579 spatio
1101 1523 1280 1564 distante
1305 1523 1479 1572 locatur,

374 1581 417 1622 in
442 1581 556 1635 quod
579 1581 708 1622 missa
731 1581 815 1622 levi
838 1596 925 1622 nux
951 1581 1061 1622 cadit
1086 1595 1170 1621 una
1195 1595 1335 1621 manu.
1362 1604 1418 1609 ——

318 1638 437 1687 seliX,
465 1646 624 1679 secreto
650 1651 757 1691 quae
783 1647 882 1679 nata
907 1645 969 1679 est
995 1638 1120 1678 arbor
1143 1637 1186 1677 in
1212 1652 1311 1678 arvo

375 1704 413 1736 et
440 1695 516 1736 soli
542 1694 710 1735 domiuo
735 1694 843 1736 ferre
869 1694 1025 1735 tributa
1050 1693 1204 1749 potest!

317 1765 400 1792 non
427 1751 644 1792 hominum
670 1752 866 1806 strepitus
892 1751 1026 1800 audit,
1052 1765 1135 1791 non
1160 1751 1231 1791 illa
1254 1759 1458 1792 rotarum:

248 1820 292 1850 90
375 1823 459 1849 non
485 1824 509 1849 a
534 1808 672 1849 vicina
696 1809 989 1862 pulverulenta
1014 1808 1082 1848 via
1107 1816 1181 1848 est.

316 1866 387 1906 illa
412 1879 506 1913 suo,
533 1879 825 1918 quaecumque
851 1865 962 1913 tulit,
991 1865 1089 1905 dare
1114 1879 1240 1918 poma
1266 1864 1411 1905 colono

374 1930 416 1963 et
440 1922 584 1976 plenos
610 1921 771 1962 fruetus
797 1922 1073 1962 adnumerare
1099 1930 1248 1975 potest.

317 1986 359 2019 at.
383 1978 484 2018 mihi
510 1986 697 2018 maturos
723 1992 954 2031 numquam
979 1978 1073 2017 lieet
1101 1977 1223 2018 edere
1249 1977 1372 2025 fetus,

374 2042 469 2075 ante
496 2033 691 2086 dIemque
716 2048 834 2075 meae
860 2033 1130 2074 decutiuntur
1155 2047 1268 2087 opes.

248 2104 290 2134 95
317 2091 472 2133 lamina
497 2090 631 2130 mollis
658 2090 796 2130 adhue
822 2099 963 2131 tenero
989 2090 1091 2130 dum
1114 2090 1221 2131 laete
1247 2090 1360 2143 quod
1385 2089 1492 2131 intro
1517 2098 1594 2139 est,

373 2161 450 2189 nec
476 2147 586 2187 mala
610 2156 708 2188 sunt
734 2147 806 2187 ulli
831 2156 974 2187 nostra
999 2147 1142 2187 futura
1169 2147 1295 2187 bono:

315 2204 399 2245 iam
424 2212 564 2245 tamen
588 2203 796 2252 invenias,
823 2204 894 2257 qui
920 2218 985 2244 me
1012 2203 1245 2244 iaculentur
1271 2213 1308 2245 et
1335 2203 1421 2245 ictu

373 2260 671 2315 praefestinato
698 2264 850 2301 multis
875 2260 998 2301 inane
1025 2269 1182 2314 petant.

317 2317 349 2357 si
375 2318 447 2358 fiat
470 2317 596 2372 rapti,
621 2317 692 2358 fiat
717 2332 915 2358 mensura
939 2316 1084 2365 relicti,

227 2387 290 2418 100
373 2374 572 2414 maiorem
599 2373 756 2414 domini
781 2384 897 2429 parte
924 2374 1057 2414 viator
1082 2373 1220 2414 habet.

316 2446 439 2485 saepe
466 2430 635 2484 aliquis,
662 2431 773 2471 foliis
801 2430 870 2471 ubi
897 2431 1010 2471 nuda
1036 2430 1254 2471 eacumina
1279 2429 1395 2478 vidit,

372 2502 463 2528 esse
489 2495 610 2542 putat
634 2487 787 2528 boreae
814 2487 929 2528 triste
956 2487 1131 2528 furentis
1159 2501 1279 2541 opus.

316 2543 499 2584 aestibus
525 2543 610 2593 hic,
637 2544 704 2585 hie
729 2559 795 2585 me
822 2544 1042 2598 spoliatam
1067 2544 1222 2597 frigore
1249 2542 1397 2584 credit:

372 2608 434 2641 est
459 2614 645 2654 quoque,
671 2601 744 2654 qui
770 2601 925 2641 crimen
951 2616 1010 2655 gr·
1004 2600 1215 2641 andinise
1195 2614 1284 2641 esse
1309 2606 1440 2654 putet.

227 2670 288 2699 105
315 2664 355 2697 at
381 2656 483 2697 mihi
508 2672 585 2698 nee
609 2657 772 2712 grando
799 2657 946 2697 dulis'
937 2657 1070 2698 ιιινί5ι
1096 2656 1266 2705 colonis,

370 2727 447 2753 nee
473 2721 621 2754 ventus
646 2714 684 2753 f1
687 2713 785 2754 ‘rudi
810 2714 924 2755 solie
949 2714 1101 2768 geluve
1126 2713 1218 2754 fuit.

313 2768 473 2810 tructus
500 2770 636 2811 obest:
662 2770 874 2825 peperisse
900 2781 1038 2811 nocet:
1066 2778 1186 2812 nocet
1214 2783 1303 2811 esse
1329 2768 1531 2811 feracem:
