1831 3168
328 224 381 266 14
775 229 817 263 Ρ.
845 227 989 264 OV1D1
1015 225 1231 262 NASONIS

382 320 562 368 cognato
587 311 738 367 poterit
762 309 929 351 nomine
955 308 1080 363 culpa
1105 308 1203 363 tegi.

326 370 476 411 viderit
502 368 719 423 amplexus
745 366 914 420 aliquis:
941 365 1208 406 laudabimur
1232 364 1370 413 ambo,

237 443 301 472 140
383 427 497 467 dicar
522 424 714 480 privigno
739 423 823 463 fida
847 436 1028 463 noverca
1052 435 1158 464 meo.

326 498 409 524 non
435 481 509 522 tibi
534 495 609 536 per
633 480 827 521 tenebras
852 478 946 520 duri
971 479 1197 520 reseranda
1219 477 1359 519 mariti

382 539 527 586 ianua,
554 551 638 577 non
664 544 803 577 custos
829 535 1100 590 decipiendus
1125 535 1214 577 erit.

326 603 372 636 ut
398 593 531 636 tenuit
556 593 706 634 domus
732 607 817 633 una
841 592 964 641 duos,
991 591 1141 634 domus
1165 607 1249 632 una
1274 589 1444 632 tenebit.

383 651 527 692 oscula
553 657 697 705 aperta
723 649 874 698 dabas,
900 649 1044 690 oscula
1070 657 1216 704 aperta
1241 648 1372 690 dabis.

239 723 300 752 145
328 715 442 749 tutus
469 707 548 748 eris
573 721 738 748 mecum
762 706 1016 759 laudemque
1041 705 1254 748 merebere
1281 705 1416 759 culpa,

383 772 431 805 tu
454 764 553 805 licet
576 763 619 803 in
643 763 752 804 lecto
778 762 1035 817 conspiciare
1061 777 1167 804 meo.

328 822 426 863 tolle
452 835 590 861 moras
616 827 780 861 tantum
806 827 1113 874 properataque
1138 817 1309 860 foedera
1334 815 1480 872 iunge!

385 877 458 931 qui
482 876 585 918 mihi
610 890 722 917 nunc
747 876 898 924 saevit,
924 875 984 916 sic
1009 876 1084 917 tibi
1110 883 1254 930 parcat
1279 875 1426 914 Amor.

328 949 413 975 non
439 948 517 988 ego
543 932 748 988 dedignor
772 932 951 987 supplex
976 932 1229 985 humilisque
1254 930 1428 985 precari.

240 1004 304 1033 1:20
386 990 487 1032 heu!
514 989 588 1031 ubi
612 1004 724 1030 nunc
749 989 882 1030 fastus
909 989 1076 1044 altaque
1101 988 1231 1030 verba
1255 986 1417 1028 iacent?

330 1056 367 1089 ct
394 1061 583 1102 pugnare
609 1046 681 1087 diu
705 1060 783 1088 nec
808 1061 874 1087 me
901 1047 1159 1088 summittere
1185 1044 1333 1098 culpae

387 1111 500 1145 certa
524 1103 605 1144 fui:
633 1103 733 1144 certi
759 1102 896 1156 siquid
920 1102 1093 1145 haberet
1119 1115 1248 1143 amor.

330 1160 440 1202 victa
464 1174 612 1215 precor
636 1159 900 1214 genibusque
926 1160 1006 1201 tuis
1032 1159 1191 1214 regalia
1216 1157 1341 1199 tendo

387 1215 596 1257 bracchia.
657 1215 757 1269 quid
783 1216 947 1265 deceat,
974 1231 1057 1257 non
1083 1216 1196 1257 videt
1221 1214 1330 1255 ullus
1356 1228 1515 1254 amans.

240 1287 304 1316 1ῠό
332 1273 554 1329 depuduit,
580 1273 871 1327 profugusque
896 1273 1032 1328 pudor
1057 1288 1133 1313 sua
1158 1272 1278 1326 signa
1302 1270 1481 1324 reliquit.

388 1330 442 1370 da
467 1329 633 1371 veniam
658 1329 795 1370 fassae
821 1329 1010 1382 duraque
1037 1329 1163 1370 corda
1189 1327 1330 1369 doma!

331 1386 445 1441 quod
469 1386 572 1427 mihi
596 1386 647 1427 sit
673 1385 851 1441 genitor,
877 1387 950 1440 qui
974 1386 1159 1441 possidet
1184 1399 1384 1438 aequora,
1410 1383 1567 1432 Minos,

388 1443 503 1496 quod
527 1443 698 1483 veniant
721 1442 868 1496 proavi
892 1442 1070 1483 fulmina
1095 1450 1203 1483 torta
1227 1457 1368 1490 manu,

331 1499 445 1554 quod
470 1499 522 1540 sit
547 1514 651 1540 avus
675 1499 802 1539 radiis
827 1497 1007 1540 frontem
1034 1499 1211 1540 vallatus
1237 1498 1385 1546 acutis,

242 1569 306 1599 160
388 1570 600 1610 purpureo
625 1555 814 1610 tepidum
839 1556 912 1609 qui
936 1564 1078 1599 movet
1103 1570 1180 1596 axe
1207 1555 1317 1596 diem
1342 1577 1400 1583 ——

331 1612 527 1653 nobilitas
553 1611 631 1653 sub
656 1626 798 1653 amore
823 1611 944 1653 iacet.
1004 1612 1200 1654 miserere
1225 1612 1425 1666 priorum,

388 1676 429 1710 et
453 1668 556 1709 mihi
581 1669 614 1709 si
639 1682 724 1709 non
749 1668 812 1709 vis
837 1683 1029 1723 parcere,
1056 1683 1182 1723 parce
1207 1667 1329 1709 meis!

332 1732 394 1767 est
418 1725 521 1765 mihi
548 1724 697 1766 dotalis
723 1725 864 1773 tellus,
890 1725 1003 1766 Iovis
1027 1725 1183 1774 insula,
1212 1722 1350 1766 Crete.

388 1781 543 1823 serviat
568 1781 803 1836 Hippolyto
828 1781 946 1836 regia
970 1790 1056 1822 tota
1081 1796 1187 1823 meo.

244 1851 306 1881 165
332 1838 453 1879 flecte
478 1838 589 1879 feros
615 1838 795 1879 animos!
843 1838 980 1892 potuit
1005 1852 1271 1892 corrumpere
1297 1845 1462 1877 taurum

389 1901 541 1935 mater:
568 1894 648 1935 eris
673 1901 793 1935 tauro
818 1894 982 1935 saevior
1005 1894 1094 1949 ipse
1120 1894 1252 1935 truci?

332 1965 408 2005 per
432 1951 663 1999 Venerem,
688 1965 856 2004 parcas,
882 1965 967 2000 oro,
994 1964 1101 2004 quae
1127 1951 1308 2005 plurima
1334 1965 1499 1991 mecum
1527 1958 1608 1992 cst:

390 2006 449 2048 sic
473 2021 724 2061 numquam,
751 2021 859 2060 quae
884 2015 924 2048 te
950 2022 1145 2062 spernere
1170 2007 1319 2062 possit,
1346 2021 1479 2049 ames:

333 2063 393 2104 sic
417 2063 494 2104 tibi
518 2063 687 2105 secretis
713 2064 833 2118 agilis
860 2063 939 2105 dea
963 2063 1137 2104 saltibus
1163 2064 1285 2112 adsit,

245 2134 308 2164 170
391 2120 580 2174 silvaque
605 2119 840 2175 perdendas
865 2120 1065 2175 praebeat
1090 2121 1174 2161 alta
1199 2121 1329 2162 feras:

334 2175 393 2218 sic
417 2177 589 2218 faveant
613 2175 755 2231 Satyri
781 2184 1063 2230 montanaque
1087 2178 1260 2218 numina
1285 2177 1438 2226 Panes,

391 2240 431 2274 et
457 2234 580 2275 cadat
604 2233 781 2275 adversa
806 2233 978 2288 cuspide
1003 2233 1141 2275 fossus
1167 2250 1286 2289 aper:

333 2289 393 2330 sic
417 2290 492 2331 tibi
518 2290 618 2331 dent
642 2290 855 2345 nymphae
881 2314 935 2320 —
959 2291 1151 2344 quamvis
1177 2291 1314 2332 odisse
1340 2291 1501 2346 puellas

391 2347 541 2388 diceris
565 2370 622 2375 —-
646 2356 832 2388 arentem
857 2361 965 2400 quae
990 2347 1099 2388 levet
1124 2348 1238 2388 unda
1263 2347 1391 2389 sitim!

246 2416 307 2446 ιῖῑ)
335 2402 529 2445 addimus
553 2402 617 2443 his
644 2403 839 2459 precibus
863 2403 1057 2445 lacrimas
1083 2418 1264 2458 quoque.
1304 2404 1433 2446 verba
1457 2403 1668 2459 precantis

390 2460 591 2515 perlegis:
618 2468 659 2502 et
682 2460 875 2502 lacrimas
900 2460 1013 2516 finge
1038 2461 1180 2502 videre
1205 2461 1339 2503 meas!

988 2563 1042 2605 V.

335 2627 540 2682 Perlegis‚
555 2643 608 2669 an
622 2629 804 2670 coniunx
817 2630 1011 2684 prohibet
1026 2631 1160 2672 nova?
1174 2630 1362 2686 perlege!
1383 2644 1466 2673 non
1481 2637 1541 2672 est
1556 2640 1696 2674 Oenone

392 2684 472 2724 ista
496 2684 733 2738 Mycenaea
757 2686 894 2727 littera
918 2686 1030 2728 facta
1054 2703 1195 2728 manu.
1561 2686 1695 2719 Paridi.

335 2738 512 2797 Pegasis
540 2739 736 2791 Oenone,
762 2741 962 2798 Phrygiis
988 2743 1258 2785 celeberrima
1283 2743 1411 2793 silvis,
