1831 3168
339 253 394 296 88
796 261 839 295 P.
867 260 1013 296 OVIDI
1039 260 1256 298 NASONIS

337 344 518 399 denique
544 343 579 385 si
603 342 753 385 tumidi
778 343 860 385 ritu
887 343 1082 385 torrentis
1109 343 1266 399 agebar

393 414 604 455 caecaque
629 415 697 443 me
723 400 923 455 praedam
949 400 1105 442 fecerat
1132 401 1192 442 ira
1219 416 1351 451 suam,

267 474 309 504 45
336 472 474 500 nonne
501 458 601 498 satis
627 457 766 499 fuerat
792 457 962 498 timidae
987 457 1236 499 inclamasse
1261 458 1425 513 puellae

392 529 471 557 nec
494 514 674 555 nimium
698 514 856 569 rigidas
883 514 1114 556 intonuisse
1139 515 1300 555 minas?

336 579 410 613 aut
434 571 620 613 tunicam
647 586 814 613 summa
839 571 1047 613 deducere
1073 572 1248 626 turpiter
1274 586 1346 614 ora

393 628 448 670 ad
472 628 682 671 mediam?
707 628 847 670 media
872 644 979 669 zona
1004 628 1166 670 tulisset
1193 643 1330 684 opem.

336 693 379 727 at
402 700 516 727 nune
541 685 741 735 sustinui,
766 685 896 741 raptis
923 701 947 726 a
971 685 1107 727 fronte
1135 686 1309 741 capillis,

268 757 311 788 50
393 742 555 785 ferreus
580 742 788 798 ingenuas
814 757 958 797 ungue
984 750 1129 785 notare
1154 758 1299 797 genas.

338 799 498 841 adstitit
522 800 594 841 illa
619 815 763 842 amens
790 800 885 841 albo
912 807 952 842 et
978 800 1066 842 sine
1093 801 1299 855 sanguine
1324 800 1454 850 vultu,

394 857 629 899 caeduntur
652 857 791 898 Pariis
817 857 960 911 qualia
985 873 1087 898 saxa
1111 857 1234 911 iugis.

337 914 541 956 exanimis
567 922 682 956 artus
709 923 748 956 et
775 914 966 955 membra
991 914 1212 955 trementia
1237 914 1337 962 vidi,

392 978 439 1013 ut
465 986 562 1013 cum
587 971 790 1026 populeas
816 971 993 1012 ventilat
1018 985 1120 1011 aula
1147 984 1302 1019 comas,

266 1044 308 1074 55
335 1035 382 1070 ut
405 1028 489 1070 leni
515 1028 754 1084 zephyro
731 1028 898 1069 “racilis
924 1027 1115 1068 vibratur
1140 1026 1316 1077 arundo,

393 1100 612 1127 summave
638 1062 902 1139 cu1n⁶tepid0
929 1083 1149 1139 stringitur
1173 1084 1289 1124 unda
1313 1091 1425 1126 noto.

336 1156 651 1198 suspensaeque
678 1142 750 1183 diu
774 1142 973 1183 laciimae
998 1141 1157 1182 fluxere
1183 1155 1258 1196 per
1282 1155 1369 1191 ora,

391 1200 574 1253 qualiter
598 1206 765 1241 umecta
791 1199 842 1240 de
867 1198 964 1240 nive
990 1205 1134 1239 manat
1159 1212 1282 1252 aqua.

335 1263 437 1298 tunc
462 1271 543 1322 ego
567 1271 634 1298 me
660 1256 843 1312 primum
871 1255 990 1310 coepi
1016 1255 1169 1297 sentire
1194 1262 1431 1297 nocentem.

268 1330 311 1360 60
395 1313 567 1369 sanguis
594 1321 683 1355 erat
706 1313 924 1361 laclimae,
949 1326 1054 1366 quas
1081 1312 1210 1353 dabat
1234 1311 1324 1362 illa,
1350 1327 1483 1354 meus.

335 1377 398 1413 ter
423 1377 565 1413 tamen
591 1378 687 1412 ante
713 1371 843 1425 pedes
868 1369 983 1410 volui
1008 1369 1285 1424 procumbere
1312 1370 1509 1425 supplex·

392 1436 456 1470 ter
480 1427 728 1469 formidatas
754 1427 939 1482 reppulit
962 1426 1033 1467 illa
1058 1441 1221 1467 manus.

337 1491 380 1526 at
404 1492 451 1526 tu
475 1500 528 1526 ne
555 1484 703 1526 dubita
727 1508 784 1514 —
807 1484 970 1525 minuet
994 1483 1181 1524 vindicta
1206 1482 1395 1525 dolorem
1420 1508 1478 1515 ——

393 1542 585 1597 protinus
609 1542 653 1583 in
678 1540 817 1582 vultus
842 1540 1059 1596 unguibus
1084 1540 1144 1582 ire
1169 1555 1299 1582 meos.

268 1613 309 1644 65
335 1614 413 1641 nec
438 1599 592 1640 nostris
618 1598 750 1639 oculis
775 1612 854 1639 nec
877 1597 1031 1638 nostris
1056 1611 1183 1653 parce
1210 1598 1372 1653 capillis
1397 1623 1455 1628 —

393 1655 626 1710 quamlibet
651 1655 839 1696 infirmas
865 1654 1039 1696 adiuvat
1064 1655 1126 1696 ira
1150 1670 1301 1696 manus
1327 1680 1384 1685 ——-

335 1728 443 1756 neve
468 1712 552 1754 mei
578 1711 747 1754 sceleris
774 1719 861 1753 tam
886 1711 1022 1753 tristia
1048 1712 1169 1767 signa
1195 1712 1420 1767 supersint,

392 1785 503 1826 pone
528 1769 830 1825 recompositas
854 1770 899 1811 in
924 1769 1103 1811 statione
1131 1783 1285 1811 comas.

963 1872 1090 1914 VIII.

334 1939 413 1981 Est
438 1939 649 1994 quaedam
674 1964 729 1969 —
754 1940 1012 1994 quicumque
1038 1940 1152 1981 volet
1177 1954 1432 1996 cognoscere
1458 1940 1613 1990 lenam,

393 1997 554 2038 audiat:
581 2007 645 2038 est
670 1997 901 2050 quaedam,
926 1997 1095 2038 nomine
1121 1997 1301 2052 Dipsas,
1329 2012 1447 2039 anus.

335 2069 387 2096 ex
412 2068 457 2095 re
482 2068 638 2095 nomen
663 2054 803 2095 habet.
864 2053 975 2109 nigri
999 2068 1084 2095 non
1109 2054 1179 2094 illa
1206 2062 1426 2109 parentem

392 2111 637 2152 Memnonis
663 2110 706 2151 in
730 2110 860 2152 roseis
887 2111 1027 2152 sobria
1053 2111 1156 2152 vidit
1183 2111 1317 2165 equis.

289 2184 308 2212 5
336 2168 407 2209 illa
431 2182 579 2223 magas
605 2175 715 2209 artes
741 2168 973 2222 Aeaeaque
999 2168 1187 2209 carmina
1211 2169 1329 2209 novit

392 2225 520 2278 inque
547 2232 673 2280 caput
697 2224 878 2279 liquidas
904 2232 992 2266 arte
1017 2232 1214 2266 recurvat
1238 2240 1383 2279 aquas.

335 2282 414 2324 scit
438 2282 566 2331 bene,
593 2282 697 2335 quid
721 2297 918 2337 gramen,
944 2281 1046 2336 quid
1071 2289 1180 2323 torto
1207 2282 1371 2324 concita
1396 2281 1575 2324 rhombo

391 2339 507 2388 licia,
534 2339 638 2392 quid
662 2339 802 2381 valeat
827 2339 942 2380 virus
968 2339 1147 2380 amantis
1174 2353 1322 2393 equae.

333 2411 432 2438 cum
457 2396 609 2445 voluit,
635 2403 722 2437 toto
748 2396 1038 2452 glomerantur
1061 2395 1207 2437 nubila
1232 2396 1366 2438 caelo:

270 2469 310 2498 10
393 2468 491 2495 cum
516 2453 668 2502 voluit,
694 2468 801 2509 puro
827 2453 964 2509 fulget
989 2453 1033 2494 in
1058 2452 1158 2495 orbe
1185 2453 1287 2495 dies.

336 2510 562 2565 sanguine,
589 2510 710 2565 siqua
734 2510 860 2560 fides,
885 2510 1087 2552 stillantia.
1111 2510 1249 2552 sidera
1274 2510 1381 2552 vidi:

392 2582 630 2622 purpureus
656 2567 808 2610 Lunae
833 2567 1040 2624 sanguine
1064 2567 1204 2609 vultus
1231 2575 1332 2609 erat.

335 2623 445 2665 hanc
471 2639 551 2679 ego
575 2632 804 2666 nocturnas
831 2640 997 2667 versam
1021 2624 1197 2666 volitare
1222 2640 1297 2690 per
1321 2624 1493 2666 umbras

394 2681 584 2735 suspicor
609 2689 651 2723 et
674 2683 821 2737 pluma
845 2697 997 2737 corpus
1023 2682 1133 2724 anile
1159 2682 1258 2737 tegi.

269 2752 310 2783 15
337 2737 539 2793 suspicor,
566 2745 608 2780 et
632 2738 747 2780 fama
771 2746 846 2780 est.
908 2739 1040 2780 oculis
1066 2753 1236 2793 quoque
1262 2738 1423 2803 pupula
1448 2737 1607 2794 duplex

392 2794 608 2845 fulminat,
635 2803 676 2837 et
700 2795 871 2850 gemino
895 2795 1039 2838 lumen
1065 2796 1118 2837 ab
1145 2796 1246 2837 orbe
1273 2795 1398 2837 venit.
