1831 3168
441 273 662 309 AMORUM
687 273 782 308 LIB.
810 274 838 308 1.
866 273 969 317 VIII,
994 272 1154 316 61-ΙΧ,
1179 272 1234 307 32.

156 353 259 395 haec
286 353 320 395 si
346 355 601 408 praestiteris
628 370 706 396 usu
731 355 833 396 mihi
859 355 1026 408 cognita
1051 354 1193 409 longo,

213 424 290 451 neo
316 410 487 451 tulerint
513 425 637 453 voces
664 421 813 452 ventus
839 420 880 452 et
905 426 1007 452 aura
1033 425 1161 459 meas,

157 481 282 521 saepe
308 467 410 507 mihi
437 467 551 510 dices
577 469 697 510 vivae
726 469 852 516 bene,
880 483 1004 522 saepe
1030 467 1212 522 rogabis,

213 532 259 564 ut
286 539 380 565 mea
405 523 630 566 defunctae
656 525 835 566 molliter
861 539 955 565 ossa
980 524 1161 565 cubent!

157 593 239 620 vox
266 590 352 621 erat
378 580 421 620 in
447 595 594 629 cursu,
622 595 717 622 cum
742 596 808 622 mc
835 596 928 622 mea
952 580 1135 635 prodidit
1160 580 1322 621 umbra.

215 644 255 677 at
281 645 448 679 nostrae
475 638 545 678 vix
572 652 615 679 se
642 638 885 678 continuere
911 652 1075 685 manus,

157 693 258 746 quin
285 693 424 734 albam
450 708 673 747 raramque
700 708 863 734 comam
888 693 1192 746 lacrimosaque
1219 694 1316 733 vino

215 750 374 791 lumina
399 764 576 804 rugosas
602 750 964 802 distraherentque
990 764 1134 803 genas.

158 806 198 846 di
225 806 299 846 tibi
326 806 425 847 dent
450 807 672 858 nullosque
697 806 805 847 lares
831 805 1085 859 inopemque
1111 813 1323 846 senectam

215 871 253 903 et
279 863 426 917 longas
454 862 611 903 hiemes
639 872 971 918 perpetuamque
998 861 1127 901 sitim!

154 1031 315 1073 Militat
341 1032 475 1073 omnis
502 1047 667 1080 amans,
695 1039 734 1073 et
760 1031 887 1073 habet
913 1046 990 1072 sua
1015 1042 1152 1072 castra
1179 1029 1368 1086 Cupido:

212 1089 378 1137 Attice,
405 1089 527 1130 crede
554 1089 675 1138 mihi,
702 1089 850 1129 militat
876 1088 1011 1129 omnis
1038 1103 1197 1129 amans.

157 1160 265 1199 quae
291 1145 401 1187 bello
426 1154 489 1188 est
514 1146 685 1195 habilis,
712 1145 870 1187 Veneri
896 1159 1064 1198 quoque
1091 1144 1286 1186 convenit
1313 1152 1442 1186 aetas.

213 1210 334 1257 turpe
360 1217 488 1244 senex
513 1203 654 1251 miles,
680 1210 802 1257 turpe
827 1202 968 1243 senilis
995 1216 1124 1242 amor.

156 1272 260 1312 quos
286 1259 444 1313 petiere
470 1259 598 1300 duces
624 1273 755 1300 annos
780 1259 823 1299 in
848 1258 978 1300 milite
1004 1258 1117 1307 forti,

212 1315 288 1356 hos
313 1316 417 1370 petit
442 1316 485 1356 in
510 1316 624 1357 socio
650 1316 760 1357 bella
784 1316 925 1370 puella
950 1316 1052 1356 viro.

155 1372 406 1427 pervigilant
433 1372 571 1413 ambo.
632 1381 741 1414 terra
766 1371 991 1426 requiescit
1014 1380 1212 1426 uterque:

155 1444 157 1446 ’
211 1429 280 1470 ille
305 1429 416 1470 fores
443 1429 636 1471 dominae
663 1438 821 1476 servat,
849 1437 890 1470 at
915 1429 984 1470 ille
1010 1429 1142 1470 ducis.

154 1485 295 1526 militis
321 1486 509 1527 officium
534 1487 661 1541 longa
688 1495 750 1528 est
775 1486 856 1527 via.
916 1486 1034 1527 mitte
1060 1486 1259 1541 puellam,

213 1550 407 1584 strenuus
434 1552 630 1598 exempto
656 1543 739 1584 fine
765 1550 966 1596 sequetur
991 1558 1156 1583 amans:

155 1598 233 1639 ibit.
258 1599 300 1640 in
326 1600 525 1641 adversos
551 1608 713 1641 montes
741 1600 1037 1654 duplicataque
1063 1598 1207 1640 nimbo

212 1656 404 1705 flumina,
432 1665 653 1711 congestas
681 1664 839 1698 exteret
865 1657 933 1697 ille
959 1656 1091 1704 nives,

154 1727 232 1754 nec
258 1712 366 1754 freta
390 1728 612 1768 pressurus
639 1713 820 1754 tumidos
847 1712 1089 1753 causabitur
1114 1726 1236 1753 euros

214 1777 396 1824 aptaque
423 1770 638 1811 verrendis
665 1770 802 1811 sidera
827 1777 1000 1823 quaeret
1025 1769 1158 1822 aquis.

156 1826 250 1881 quis
274 1826 355 1867 nisi
380 1827 445 1867 vel
472 1826 591 1867 miles
617 1827 683 1867 vel
710 1841 855 1867 amans
882 1834 922 1867 et
947 1826 1105 1880 frigora
1130 1825 1264 1867 noctis

213 1893 253 1924 et
279 1883 408 1924 denso
434 1884 585 1924 mixtas
610 1883 792 1938 perferet
818 1883 951 1924 imbre
977 1883 1122 1923 nives?

155 1940 333 1981 mittitur
357 1939 531 1981 infestos
558 1940 662 1981 alter
687 1939 964 1994 speculator
953 1955 996 1980 m
1021 1938 1181 1980 hostes:

212 1997 255 2038 in
279 1996 410 2038 rivale
437 1997 580 2038 oculos
606 1997 724 2045 alter,
749 2005 796 2037 ut
820 1996 959 2045 hoste,
985 2004 1111 2037 tenet.

155 2053 223 2095 ille
249 2068 401 2109 graves
426 2053 572 2101 urbes,
597 2053 665 2094 hic
691 2053 820 2094 durae
845 2053 973 2094 limen
999 2053 1158 2094 amicae

214 2110 390 2152 obsidet.
451 2110 519 2151 hic
544 2118 686 2165 portas
712 2110 889 2165 frangit,
916 2117 958 2150 at
981 2109 1050 2150 ille
1076 2109 1200 2150 sores.

157 2182 282 2222 saepe
309 2174 527 2222 soporatos
551 2167 752 2208 invadere
778 2166 935 2222 profuit
960 2166 1115 2214 hostes,

215 2223 389 2265 caedere
415 2232 454 2265 et
482 2232 642 2265 armata
666 2224 821 2278 vulgus
845 2223 1004 2264 inerme
1029 2237 1157 2262 manu

158 2279 237 2332 (sic
262 2280 352 2321 fera
376 2280 562 2322 Threicii
587 2280 829 2321 ceciderunt
855 2279 1026 2334 agmina
1049 2278 1195 2327 Rhesi,

216 2344 257 2377 et
282 2336 500 2377 dominum
525 2337 637 2391 capti
663 2336 905 2377 deseruistis
931 2335 1067 2388 equi):

160 2407 284 2447 saepe
309 2393 554 2434 maritorum
579 2393 736 2434 somnis
760 2400 936 2433 utuntur
961 2399 1163 2440 amanteS,

217 2457 257 2491 et
283 2464 359 2490 sua
384 2449 528 2503 sopitis
554 2448 745 2490 hostibus
771 2464 888 2490 arma
911 2458 1094 2489 movent.

160 2505 384 2548 custodum
409 2505 585 2547 transire
609 2520 760 2546 manus
785 2505 1046 2560 vigilumque
1073 2512 1261 2546 catervas

218 2562 358 2603 militis
384 2569 426 2603 et
449 2562 590 2603 miseri
615 2577 780 2617 semper
804 2561 983 2603 amantis
1009 2576 1128 2616 opus.

161 2620 280 2661 Mars
307 2618 480 2660 dubius:
506 2633 583 2661 nee
610 2626 724 2660 certa
747 2619 908 2661 Venus.
966 2618 1150 2672 victique
1174 2624 1415 2673 resurgunt,

219 2690 409 2730 quosque
434 2690 564 2731 neges
589 2689 791 2730 umquam
816 2690 939 2731 posse
963 2675 1119 2724 iacere,
1145 2675 1316 2717 cadunt.

162 2747 262 2789 ergo
289 2731 493 2774 desidiam
519 2732 773 2786 quicumque
799 2732 979 2774 vocabat
1002 2746 1201 2781 amorem,

220 2789 394 2831 desinat.
455 2789 614 2845 ingenii
639 2797 701 2831 est
727 2789 977 2845 experientis
1004 2803 1133 2830 amor.

1554 364 1621 396 105

1557 648 1622 679 110

1556 1554 1602 1585 10

1556 1837 1601 1868 15

1555 2404 1600 2434 25

1555 2687 1602 2718 30
