1831 3168
541 238 813 275 HEROIDUM
840 239 884 274 V.
910 239 954 274 48
963 239 1079 274 —135.

182 321 262 362 hac
287 320 402 362 venit
427 320 469 361 in
497 319 703 361 thalamos
730 320 826 362 dote
852 320 1034 375 superba
1059 328 1166 362 tuos.

126 392 234 430 quae
260 377 295 418 si
321 377 373 418 sit
398 376 561 418 Danais
587 377 819 426 reddenda,
846 378 912 418 vel
938 377 1124 419 Hectora
1148 376 1320 418 fratrem

185 435 251 476 vel
277 448 372 475 cum
398 433 626 489 Deiphobo
652 433 963 488 Polydamanta
988 448 1104 489 roga.

126 491 227 545 quid
252 490 393 546 gravis
419 491 625 539 Antenor,
651 489 848 532 Priamus
874 490 975 544 quid
1000 491 1175 532 suadeat
1200 490 1303 546 ipse,

183 547 374 595 consule,
400 547 494 601 quis
520 555 634 588 actas
659 548 786 601 longa
811 547 1013 601 magistra
1036 547 1127 588 fuit.

127 612 249 660 turpe
273 604 577 652 rudimentum,
603 603 762 658 patriae
788 618 1045 658 praeponere
1071 611 1248 659 raptam.

185 676 312 702 causa
335 660 534 715 pudenda
559 668 632 700 tua
657 667 731 700 est.
792 660 902 700 iusta
928 660 991 700 vir
1015 675 1131 701 arma
1155 670 1309 702 movet.

126 731 204 759 nec
230 717 325 765 tibi,
352 716 385 757 si
412 716 563 771 sapias,
589 715 717 756 fidam
742 715 937 770 promitte
963 716 1222 766 Lacaenam,

185 788 291 827 quae
317 773 370 814 sit
394 773 435 813 in
462 771 680 826 amplexus
706 780 791 812 tam
818 772 899 812 cito
925 787 1046 813 versa
1072 781 1179 814 tuos.

127 840 172 871 ut
198 830 334 870 minor
358 828 530 870 Atrides
556 828 747 869 temerati
772 827 945 870 foedera
968 829 1066 870 lecti

185 887 338 927 clamat
363 892 404 927 et
429 893 602 927 externo
626 885 764 926 laesus
791 899 933 927 amore
959 885 1084 935 dolet,

127 951 171 984 tu
198 957 365 997 quoque
391 942 605 984 clamabis.
665 942 781 983 nulla
805 942 1051 996 reparabilis
1077 952 1165 984 arte

183 999 297 1042 laesa
321 998 525 1054 pudicitia
550 1006 630 1047 est;
658 999 819 1054 deperit
842 998 914 1039 illa
940 999 1082 1041 semel.

128 1056 246 1098 ardet
271 1071 412 1097 amore
438 1055 524 1097 tui?
572 1055 632 1097 sic
657 1063 698 1097 et
721 1055 950 1097 Menelaon
976 1056 1147 1098 amavit.

184 1127 296 1154 nunc
320 1113 429 1154 iacet
453 1112 496 1153 in
522 1112 649 1153 viduo
676 1112 870 1154 credulus
896 1112 964 1154 ille
990 1122 1094 1155 toro.

127 1169 229 1211 felix
254 1168 574 1217 Andromache,
601 1177 713 1210 certo
737 1169 846 1210 bene
871 1178 1002 1224 nupta
1026 1170 1197 1211 marito:

183 1241 290 1267 uxor
315 1226 368 1267 ad
395 1226 635 1281 exemplum
659 1226 801 1267 fratris
827 1226 1023 1267 habenda
1047 1226 1122 1268 fui.

127 1291 172 1324 tu
196 1283 328 1324 levior
353 1283 477 1332 foliis,
502 1291 593 1323 tum
620 1297 716 1324 cum
741 1283 830 1324 sine
856 1283 1042 1338 pondere
1069 1283 1159 1325 suci

152 1373 155 1375 .
183 1339 408 1381 mobilibus
434 1340 569 1381 ventis
595 1339 712 1380 arida
736 1339 850 1381 facta
874 1340 1032 1381 volant.

127 1403 167 1437 et
193 1396 330 1438 minus
357 1404 419 1438 est
442 1396 485 1437 in
510 1404 551 1437 te
575 1410 703 1449 quam
729 1411 891 1438 summa
915 1398 1082 1452 pondus
1108 1397 1247 1447 arista,

185 1467 292 1508 quae
317 1453 421 1495 levis
446 1453 626 1495 assiduis
652 1453 810 1494 solibus
835 1461 930 1495 usta
954 1454 1075 1509 riget.

128 1510 207 1551 hoc
232 1517 306 1551 tua
328 1534 385 1539 —-
408 1526 506 1551 nam
531 1511 671 1551 recolo
695 1535 751 1540 —
775 1511 989 1565 quondam
1013 1526 1216 1567 germana
1242 1512 1433 1562 canebat,

185 1567 243 1608 sic
267 1567 370 1607 mihi
395 1567 559 1608 diffusis
585 1567 812 1608 vaticinata
837 1568 967 1609 comis

130 1623 252 1677 ‘quid
276 1623 400 1672 facis,
428 1622 632 1665 Oenone?
681 1624 783 1677 quid
808 1624 990 1666 harenae
1016 1624 1177 1666 semina
1201 1625 1404 1667 mandas?

186 1694 270 1721 non
294 1680 544 1734 profecturis
568 1680 691 1721 litora
715 1680 854 1721 bubus
881 1696 987 1722 aras.

129 1736 263 1779 Graia
286 1737 466 1778 iuvenca
490 1736 623 1785 venit,
650 1751 758 1790 quae
784 1744 823 1778 tc
848 1738 1114 1792 patriamque
1140 1738 1396 1793 domumque

184 1792 352 1849 perdat!
390 1793 430 1834 io
455 1793 648 1848 prohibe!
688 1792 820 1834 Graia
844 1794 1023 1836 iuvenca
1048 1794 1181 1836 venit!

130 1851 229 1891 dum
254 1850 371 1898 licet,
399 1849 622 1891 obscenam
648 1858 778 1904 ponto
805 1850 1036 1907 demergite
1061 1851 1257 1906 puppim!

183 1906 280 1955 heu,
306 1914 510 1960 quantum
534 1906 715 1962 Phrygii
739 1907 956 1962 sanguinis
980 1908 1052 1948 illa
1076 1907 1228 1950 vehitl’

128 1963 308 2006 dixerat:
335 1963 378 2004 in
405 1978 530 2005 cursu
555 1963 740 2005 famulae
766 1979 944 2019 rapuere
969 1964 1193 2015 furentem,

184 2028 226 2062 at
250 2020 351 2061 mihi
376 2021 577 2061 flaventes
605 2020 814 2075 diriguere
841 2036 998 2062 comae.

127 2076 199 2118 ah!
236 2077 414 2118 nimium
438 2077 615 2118 miserae
641 2085 758 2119 vates
783 2077 885 2118 mihi
910 2093 1011 2120 vera
1035 2078 1170 2120 fuisti:

183 2133 367 2189 possidet
393 2149 445 2175 en
470 2134 599 2175 saltus
627 2132 761 2175 Graia
784 2134 964 2176 iuvenca
988 2135 1124 2177 meos!

128 2190 179 2232 sit
203 2190 311 2232 facie
336 2191 528 2244 quamvis
553 2190 749 2246 insignis,
776 2192 966 2233 adultera
991 2200 1103 2234 certe
1130 2200 1204 2234 est.

184 2247 368 2289 deseruit
393 2248 527 2288 socios
552 2247 716 2303 hospite
742 2255 865 2304 capta
890 2249 1003 2290 deos.

127 2304 241 2345 illam
267 2304 318 2345 de
343 2304 479 2359 patria
504 2304 695 2346 Theseus
719 2330 776 2334 -—
800 2305 879 2346 nisi
903 2306 1072 2347 nomine
1098 2305 1221 2346 fallor
1245 2329 1303 2335 —

183 2360 324 2401 nescio
351 2360 443 2414 quis
468 2360 660 2402 Theseus
687 2361 859 2403 abstulit
885 2371 980 2403 ante
1007 2377 1095 2403 sua.

129 2432 150 2457 a
178 2416 328 2458 iuvene
354 2425 394 2457 ct
420 2418 573 2471 cupido
600 2418 795 2459 credatur
819 2419 983 2459 reddita
1007 2419 1154 2474 virgo?

185 2473 296 2513 unde
321 2472 399 2513 hoc
426 2474 685 2527 conpererim
710 2484 796 2515 tam
821 2475 948 2523 bene,
974 2475 1165 2529 quaeris?
1190 2489 1298 2516 amo.

128 2530 212 2570 vim
237 2529 334 2570 licet
358 2529 544 2584 appelles
571 2537 611 2571 et
637 2531 803 2586 culpam
829 2531 998 2573 nomine
1024 2532 1156 2573 veles:

186 2600 293 2639 quae
319 2586 469 2628 totiens
494 2594 614 2642 rapta
639 2595 720 2635 est,
746 2587 939 2642 praebuit
964 2588 1058 2643 ipsa
1080 2589 1184 2643 rapi.

128 2653 169 2684 at
194 2650 337 2684 manet
363 2640 541 2684 Oenone
566 2643 727 2684 fallenti
753 2651 868 2685 casta
892 2645 1055 2686 marito.

185 2706 223 2740 et
249 2707 416 2754 poteras
441 2699 529 2740 falli
552 2700 718 2755 legibus
742 2700 832 2756 ipse
858 2701 958 2742 tuis:

127 2771 193 2797 me
221 2754 363 2810 Satyri
388 2756 543 2799 celeres
567 2781 624 2786 ——
648 2757 761 2799 silvis
788 2772 867 2814 ego
893 2765 1003 2800 tecta
1026 2758 1208 2801 latebam
1233 2783 1290 2789 —

197 2822 273 2849 Ouzli
287 2823 332 2849 rol.
347 2823 371 2850 I.
1244 2826 1266 2860 2

1439 227 1490 269 17

1524 785 1586 815 100

1526 1069 1586 1099 105

1526 1354 1588 1384 110

1524 1638 1585 1668 115

1527 1922 1587 1953 120

1526 2208 1587 2238 125

1524 2469 1586 2521 1430

1523 2773 1585 2804 135
