<?xml version="1.0" encoding="UTF-8"?>
<!DOCTYPE html PUBLIC "-//W3C//DTD XHTML 1.0 Transitional//EN"
    "http://www.w3.org/TR/xhtml1/DTD/xhtml1-transitional.dtd">
<html xmlns="http://www.w3.org/1999/xhtml" xml:lang="en" lang="en">
 <head>
  <title>
</title>
<meta http-equiv="Content-Type" content="text/html;charset=utf-8" />
  <meta name='ocr-system' content='tesseract 3.04.00' />
  <meta name='ocr-capabilities' content='ocr_page ocr_carea ocr_par ocr_line ocrx_word'/>
</head>
<body>
  <div class='ocr_page' id='page_1' title='image "./carminao01oviduoft_0136.png"; bbox 0 0 1831 3168; ppageno 0'>
   <div class='ocr_carea' id='block_1_1' title="bbox 374 260 1291 307">
    <p class='ocr_par' dir='ltr' id='par_1_1' title="bbox 374 260 1291 307">
     <span class='ocr_line' id='line_1_1' title="bbox 374 260 1291 307; baseline 0.003 -5"><span class='ocrx_word' id='word_1_1' title='bbox 374 260 454 302; x_wconf 90' lang='grc'>116</span> <span class='ocrx_word' id='word_1_2' title='bbox 829 270 873 305; x_wconf 91' lang='grc' dir='ltr'>Ρ.</span> <span class='ocrx_word' id='word_1_3' title='bbox 901 269 1047 307; x_wconf 92' lang='lat' dir='ltr'><strong>OVIDI</strong></span> <span class='ocrx_word' id='word_1_4' title='bbox 1072 268 1291 306; x_wconf 86' lang='lat' dir='ltr'>NASONIS</span> 
     </span>
    </p>
   </div>
   <div class='ocr_carea' id='block_1_2' title="bbox 298 351 1589 1831">
    <p class='ocr_par' dir='ltr' id='par_1_2' title="bbox 298 351 1589 1831">
     <span class='ocr_line' id='line_1_2' title="bbox 308 351 1553 408; baseline 0 -13"><span class='ocrx_word' id='word_1_5' title='bbox 308 368 346 396; x_wconf 75' lang='lat'>15</span> <span class='ocrx_word' id='word_1_6' title='bbox 370 352 462 394; x_wconf 89' lang='lat' dir='ltr'>risit</span> <span class='ocrx_word' id='word_1_7' title='bbox 486 353 623 393; x_wconf 89' lang='lat' dir='ltr'>Amor</span> <span class='ocrx_word' id='word_1_8' title='bbox 647 352 889 407; x_wconf 87' lang='lat' dir='ltr'>pallamque</span> <span class='ocrx_word' id='word_1_9' title='bbox 916 367 1054 394; x_wconf 89' lang='lat' dir='ltr'>meam</span> <span class='ocrx_word' id='word_1_10' title='bbox 1079 352 1300 408; x_wconf 89' lang='lat' dir='ltr'>pictosque</span> <span class='ocrx_word' id='word_1_11' title='bbox 1327 351 1553 395; x_wconf 83' lang='lat' dir='ltr'>cothurnos</span> 
     </span>
     <span class='ocr_line' id='line_1_3' title="bbox 428 409 1450 464; baseline -0.001 -13"><span class='ocrx_word' id='word_1_12' title='bbox 428 416 679 464; x_wconf 87' lang='lat' dir='ltr'>sceptraque</span> <span class='ocrx_word' id='word_1_13' title='bbox 705 409 870 464; x_wconf 86' lang='lat' dir='ltr'>privata</span> <span class='ocrx_word' id='word_1_14' title='bbox 895 417 981 451; x_wconf 87' lang='lat' dir='ltr'>tam</span> <span class='ocrx_word' id='word_1_15' title='bbox 1007 409 1088 451; x_wconf 92' lang='lat' dir='ltr'>cito</span> <span class='ocrx_word' id='word_1_16' title='bbox 1115 417 1284 464; x_wconf 83' lang='lat' dir='ltr'>sumpta</span> <span class='ocrx_word' id='word_1_17' title='bbox 1308 424 1450 450; x_wconf 89' lang='lat' dir='ltr'>manu.</span> 
     </span>
     <span class='ocr_line' id='line_1_4' title="bbox 370 465 1571 521; baseline 0.002 -15"><span class='ocrx_word' id='word_1_18' title='bbox 370 466 467 507; x_wconf 89' lang='lat' dir='ltr'>hine</span> <span class='ocrx_word' id='word_1_19' title='bbox 493 479 662 520; x_wconf 88' lang='lat' dir='ltr'>quoque</span> <span class='ocrx_word' id='word_1_20' title='bbox 687 481 755 507; x_wconf 92' lang='lat' dir='ltr'>me</span> <span class='ocrx_word' id='word_1_21' title='bbox 782 465 976 508; x_wconf 88' lang='lat' dir='ltr'>dominae</span> <span class='ocrx_word' id='word_1_22' title='bbox 1001 482 1159 508; x_wconf 90' lang='lat' dir='ltr'>numen</span> <span class='ocrx_word' id='word_1_23' title='bbox 1186 466 1361 507; x_wconf 85' lang='lat' dir='ltr'>deduxit</span> <span class='ocrx_word' id='word_1_24' title='bbox 1385 466 1571 521; x_wconf 81' lang='lat' dir='ltr'>iniquae,</span> 
     </span>
     <span class='ocr_line' id='line_1_5' title="bbox 428 522 1396 579; baseline 0 -15"><span class='ocrx_word' id='word_1_25' title='bbox 428 523 565 576; x_wconf 81' lang='lat' dir='ltr'>deque</span> <span class='ocrx_word' id='word_1_26' title='bbox 591 522 842 564; x_wconf 87' lang='lat' dir='ltr'>cothurnato</span> <span class='ocrx_word' id='word_1_27' title='bbox 868 531 964 565; x_wconf 86' lang='lat' dir='ltr'>vate</span> <span class='ocrx_word' id='word_1_28' title='bbox 989 523 1223 579; x_wconf 84' lang='lat' dir='ltr'>triumphat</span> <span class='ocrx_word' id='word_1_29' title='bbox 1247 523 1396 564; x_wconf 87' lang='lat' dir='ltr'>Amor.</span> 
     </span>
     <span class='ocr_line' id='line_1_6' title="bbox 370 579 1572 636; baseline 0.001 -16"><span class='ocrx_word' id='word_1_30' title='bbox 370 580 484 634; x_wconf 86' lang='lat' dir='ltr'>quod</span> <span class='ocrx_word' id='word_1_31' title='bbox 508 579 625 629; x_wconf 88' lang='lat' dir='ltr'>licet,</span> <span class='ocrx_word' id='word_1_32' title='bbox 652 587 726 621; x_wconf 87' lang='lat' dir='ltr'>aut</span> <span class='ocrx_word' id='word_1_33' title='bbox 751 588 861 622; x_wconf 87' lang='lat' dir='ltr'>artes</span> <span class='ocrx_word' id='word_1_34' title='bbox 887 581 1020 623; x_wconf 87' lang='lat' dir='ltr'>teneri</span> <span class='ocrx_word' id='word_1_35' title='bbox 1044 581 1292 636; x_wconf 88' lang='lat' dir='ltr'>profitemur</span> <span class='ocrx_word' id='word_1_36' title='bbox 1317 580 1489 622; x_wconf 87' lang='lat' dir='ltr'>Amoris</span> <span class='ocrx_word' id='word_1_37' title='bbox 1513 605 1572 611; x_wconf 88' lang='lat'><strong>—</strong></span> 
     </span>
     <span class='ocr_line' id='line_1_7' title="bbox 303 636 1401 693; baseline -0.003 -12"><span class='ocrx_word' id='word_1_38' title='bbox 303 650 344 681; x_wconf 82' lang='lat'>20</span> <span class='ocrx_word' id='word_1_39' title='bbox 427 637 465 678; x_wconf 91' lang='lat' dir='ltr'>ci</span> <span class='ocrx_word' id='word_1_40' title='bbox 490 636 611 687; x_wconf 92' lang='lat' dir='ltr'>mihi,</span> <span class='ocrx_word' id='word_1_41' title='bbox 638 638 874 692; x_wconf 80' lang='lat' dir='ltr'>praeceptis</span> <span class='ocrx_word' id='word_1_42' title='bbox 900 652 1055 693; x_wconf 79' lang='lat' dir='ltr'>urgeor</span> <span class='ocrx_word' id='word_1_43' title='bbox 1078 638 1169 693; x_wconf 85' lang='lat' dir='ltr'>ipse</span> <span class='ocrx_word' id='word_1_44' title='bbox 1194 637 1318 679; x_wconf 76' lang='lat' dir='ltr'>meis!</span> <span class='ocrx_word' id='word_1_45' title='bbox 1344 662 1401 667; x_wconf 84' lang='lat'><strong>—</strong></span> 
     </span>
     <span class='ocr_line' id='line_1_8' title="bbox 371 693 1400 750; baseline 0.001 -15"><span class='ocrx_word' id='word_1_46' title='bbox 371 703 444 735; x_wconf 89' lang='lat' dir='ltr'>aut</span> <span class='ocrx_word' id='word_1_47' title='bbox 469 694 585 748; x_wconf 90' lang='lat' dir='ltr'>quod</span> <span class='ocrx_word' id='word_1_48' title='bbox 608 693 849 750; x_wconf 90' lang='lat' dir='ltr'>Penelopes</span> <span class='ocrx_word' id='word_1_49' title='bbox 874 695 1014 737; x_wconf 88' lang='lat' dir='ltr'>verbis</span> <span class='ocrx_word' id='word_1_50' title='bbox 1039 695 1241 736; x_wconf 84' lang='lat' dir='ltr'>reddatur</span> <span class='ocrx_word' id='word_1_51' title='bbox 1265 693 1400 745; x_wconf 82' lang='lat' dir='ltr'>Ulixi,</span> 
     </span>
     <span class='ocr_line' id='line_1_9' title="bbox 428 751 1454 807; baseline 0.001 -15"><span class='ocrx_word' id='word_1_52' title='bbox 428 751 651 793; x_wconf 83' lang='lat' dir='ltr'>scribimus</span> <span class='ocrx_word' id='word_1_53' title='bbox 677 759 719 794; x_wconf 88' lang='lat' dir='ltr'>ct</span> <span class='ocrx_word' id='word_1_54' title='bbox 743 752 958 802; x_wconf 81' lang='lat' dir='ltr'>lacrimas,</span> <span class='ocrx_word' id='word_1_55' title='bbox 984 752 1129 807; x_wconf 86' lang='lat' dir='ltr'>Phylli</span> <span class='ocrx_word' id='word_1_56' title='bbox 1154 753 1314 802; x_wconf 89' lang='lat' dir='ltr'>relicta,</span> <span class='ocrx_word' id='word_1_57' title='bbox 1341 760 1434 793; x_wconf 89' lang='lat' dir='ltr'>tuas</span> <span class='ocrx_word' id='word_1_58' title='bbox 1444 769 1454 802; x_wconf 84' lang='lat'><em>3</em></span> 
     </span>
     <span class='ocr_line' id='line_1_10' title="bbox 370 808 1589 864; baseline 0.002 -15"><span class='ocrx_word' id='word_1_59' title='bbox 370 809 486 862; x_wconf 87' lang='lat' dir='ltr'>quod</span> <span class='ocrx_word' id='word_1_60' title='bbox 509 808 632 850; x_wconf 88' lang='lat' dir='ltr'>Paris</span> <span class='ocrx_word' id='word_1_61' title='bbox 659 816 699 850; x_wconf 89' lang='lat' dir='ltr'>et</span> <span class='ocrx_word' id='word_1_62' title='bbox 723 809 952 851; x_wconf 84' lang='lat' dir='ltr'>Macareus</span> <span class='ocrx_word' id='word_1_63' title='bbox 978 817 1020 851; x_wconf 90' lang='lat' dir='ltr'>et</span> <span class='ocrx_word' id='word_1_64' title='bbox 1043 809 1157 863; x_wconf 90' lang='lat' dir='ltr'>quod</span> <span class='ocrx_word' id='word_1_65' title='bbox 1183 810 1293 851; x_wconf 89' lang='lat' dir='ltr'>male</span> <span class='ocrx_word' id='word_1_66' title='bbox 1317 818 1465 864; x_wconf 83' lang='lat' dir='ltr'>gratus</span> <span class='ocrx_word' id='word_1_67' title='bbox 1490 809 1589 852; x_wconf 88' lang='lat' dir='ltr'>Iaso</span> 
     </span>
     <span class='ocr_line' id='line_1_11' title="bbox 426 865 1472 922; baseline 0.002 -16"><span class='ocrx_word' id='word_1_68' title='bbox 426 865 737 921; x_wconf 83' lang='lat' dir='ltr'>Hippolytique</span> <span class='ocrx_word' id='word_1_69' title='bbox 762 882 915 922; x_wconf 83' lang='lat' dir='ltr'>parens</span> <span class='ocrx_word' id='word_1_70' title='bbox 941 867 1289 922; x_wconf 82' lang='lat' dir='ltr'>Hippolytusque</span> <span class='ocrx_word' id='word_1_71' title='bbox 1314 867 1472 922; x_wconf 81' lang='lat' dir='ltr'>legant,</span> 
     </span>
     <span class='ocr_line' id='line_1_12' title="bbox 302 923 1548 977; baseline -0.002 -10"><span class='ocrx_word' id='word_1_72' title='bbox 302 936 343 967; x_wconf 80' lang='lat'>25</span> <span class='ocrx_word' id='word_1_73' title='bbox 370 923 569 977; x_wconf 87' lang='lat' dir='ltr'>quodque</span> <span class='ocrx_word' id='word_1_74' title='bbox 594 932 742 966; x_wconf 89' lang='lat' dir='ltr'>tenens</span> <span class='ocrx_word' id='word_1_75' title='bbox 769 924 961 965; x_wconf 87' lang='lat' dir='ltr'>strictum</span> <span class='ocrx_word' id='word_1_76' title='bbox 986 923 1103 965; x_wconf 84' lang='lat' dir='ltr'>Dido</span> <span class='ocrx_word' id='word_1_77' title='bbox 1129 924 1378 965; x_wconf 88' lang='lat' dir='ltr'>miserabilis</span> <span class='ocrx_word' id='word_1_78' title='bbox 1405 939 1548 966; x_wconf 85' lang='lat' dir='ltr'>ensem</span> 
     </span>
     <span class='ocr_line' id='line_1_13' title="bbox 427 980 1292 1035; baseline 0.001 -14"><span class='ocrx_word' id='word_1_79' title='bbox 427 980 539 1022; x_wconf 89' lang='lat' dir='ltr'>dicat</span> <span class='ocrx_word' id='word_1_80' title='bbox 563 988 604 1022; x_wconf 89' lang='lat' dir='ltr'>et</span> <span class='ocrx_word' id='word_1_81' title='bbox 627 980 794 1023; x_wconf 88' lang='lat' dir='ltr'>Aoniae</span> <span class='ocrx_word' id='word_1_82' title='bbox 821 980 975 1022; x_wconf 87' lang='lat' dir='ltr'>Lesbis</span> <span class='ocrx_word' id='word_1_83' title='bbox 1000 981 1137 1022; x_wconf 84' lang='lat' dir='ltr'>amica</span> <span class='ocrx_word' id='word_1_84' title='bbox 1162 981 1292 1035; x_wconf 85' lang='lat' dir='ltr'>lyrae.</span> 
     </span>
     <span class='ocr_line' id='line_1_14' title="bbox 370 1036 1434 1091; baseline 0.001 -13"><span class='ocrx_word' id='word_1_85' title='bbox 370 1051 499 1091; x_wconf 85' lang='lat' dir='ltr'>quam</span> <span class='ocrx_word' id='word_1_86' title='bbox 525 1037 607 1079; x_wconf 91' lang='lat' dir='ltr'>cito</span> <span class='ocrx_word' id='word_1_87' title='bbox 634 1037 685 1079; x_wconf 85' lang='lat' dir='ltr'>de</span> <span class='ocrx_word' id='word_1_88' title='bbox 711 1046 798 1079; x_wconf 90' lang='lat' dir='ltr'>toto</span> <span class='ocrx_word' id='word_1_89' title='bbox 823 1038 948 1079; x_wconf 90' lang='lat' dir='ltr'>rediit.</span> <span class='ocrx_word' id='word_1_90' title='bbox 972 1053 1091 1079; x_wconf 89' lang='lat' dir='ltr'>meus</span> <span class='ocrx_word' id='word_1_91' title='bbox 1119 1038 1220 1079; x_wconf 87' lang='lat' dir='ltr'>orbe</span> <span class='ocrx_word' id='word_1_92' title='bbox 1247 1036 1434 1080; x_wconf 87' lang='lat' dir='ltr'>Sabinus</span> 
     </span>
     <span class='ocr_line' id='line_1_15' title="bbox 426 1094 1294 1149; baseline 0.001 -14"><span class='ocrx_word' id='word_1_93' title='bbox 426 1094 666 1149; x_wconf 86' lang='lat' dir='ltr'>scriptaque</span> <span class='ocrx_word' id='word_1_94' title='bbox 693 1095 867 1136; x_wconf 80' lang='lat' dir='ltr'>diversis</span> <span class='ocrx_word' id='word_1_95' title='bbox 893 1095 1054 1136; x_wconf 85' lang='lat' dir='ltr'>rettulit</span> <span class='ocrx_word' id='word_1_96' title='bbox 1077 1094 1147 1136; x_wconf 89' lang='lat' dir='ltr'>ille</span> <span class='ocrx_word' id='word_1_97' title='bbox 1172 1094 1294 1136; x_wconf 77' lang='lat' dir='ltr'>locis!</span> 
     </span>
     <span class='ocr_line' id='line_1_16' title="bbox 370 1151 1396 1208; baseline 0.002 -16"><span class='ocrx_word' id='word_1_98' title='bbox 370 1151 549 1193; x_wconf 87' lang='lat' dir='ltr'>candida</span> <span class='ocrx_word' id='word_1_99' title='bbox 572 1151 789 1207; x_wconf 88' lang='lat' dir='ltr'>Penelope</span> <span class='ocrx_word' id='word_1_100' title='bbox 815 1152 985 1208; x_wconf 83' lang='lat' dir='ltr'>signum</span> <span class='ocrx_word' id='word_1_101' title='bbox 1011 1152 1210 1207; x_wconf 81' lang='lat' dir='ltr'>cognovit</span> <span class='ocrx_word' id='word_1_102' title='bbox 1234 1151 1396 1194; x_wconf 86' lang='lat' dir='ltr'>Ulixis.</span> 
     </span>
     <span class='ocr_line' id='line_1_17' title="bbox 301 1209 1379 1275; baseline -0.003 -22"><span class='ocrx_word' id='word_1_103' title='bbox 301 1222 343 1253; x_wconf 91' lang='lat'>30</span> <span class='ocrx_word' id='word_1_104' title='bbox 425 1209 528 1264; x_wconf 83' lang='lat' dir='ltr'>legit</span> <span class='ocrx_word' id='word_1_105' title='bbox 553 1209 608 1250; x_wconf 90' lang='lat' dir='ltr'>ab</span> <span class='ocrx_word' id='word_1_106' title='bbox 633 1210 869 1275; x_wconf 64' lang='lat' dir='ltr'>Hippolyto</span> <span class='ocrx_word' id='word_1_107' title='bbox 896 1209 1052 1264; x_wconf 73' lang='lat' dir='ltr'>scripta</span> <span class='ocrx_word' id='word_1_108' title='bbox 1075 1224 1259 1251; x_wconf 76' lang='lat' dir='ltr'>noverca</span> <span class='ocrx_word' id='word_1_109' title='bbox 1284 1223 1379 1251; x_wconf 90' lang='lat' dir='ltr'>suo:</span> 
     </span>
     <span class='ocr_line' id='line_1_18' title="bbox 366 1265 1420 1332; baseline 0.001 -25"><span class='ocrx_word' id='word_1_110' title='bbox 366 1265 453 1307; x_wconf 85' lang='lat' dir='ltr'>iam</span> <span class='ocrx_word' id='word_1_111' title='bbox 476 1267 571 1321; x_wconf 90' lang='lat' dir='ltr'>pius</span> <span class='ocrx_word' id='word_1_112' title='bbox 596 1266 769 1308; x_wconf 89' lang='lat' dir='ltr'>Aeneas</span> <span class='ocrx_word' id='word_1_113' title='bbox 794 1267 972 1308; x_wconf 86' lang='lat' dir='ltr'>miserae</span> <span class='ocrx_word' id='word_1_114' title='bbox 997 1267 1209 1332; x_wconf 65' lang='lat' dir='ltr'>1⁶·ese1ipsit</span> <span class='ocrx_word' id='word_1_115' title='bbox 1235 1266 1420 1309; x_wconf 88' lang='lat' dir='ltr'>Elissae·</span> 
     </span>
     <span class='ocr_line' id='line_1_19' title="bbox 409 1323 1499 1389; baseline 0.002 -25.03"><span class='ocrx_word' id='word_1_116' title='bbox 409 1323 624 1389; x_wconf 40' lang='lat' dir='ltr'>’quodque</span> <span class='ocrx_word' id='word_1_117' title='bbox 649 1323 764 1379; x_wconf 84' lang='lat' dir='ltr'>legat</span> <span class='ocrx_word' id='word_1_118' title='bbox 788 1323 974 1378; x_wconf 87' lang='lat' dir='ltr'>Phyllis,</span> <span class='ocrx_word' id='word_1_119' title='bbox 1002 1324 1036 1365; x_wconf 85' lang='lat' dir='ltr'>si</span> <span class='ocrx_word' id='word_1_120' title='bbox 1060 1324 1185 1365; x_wconf 88' lang='lat' dir='ltr'>modo</span> <span class='ocrx_word' id='word_1_121' title='bbox 1212 1323 1335 1373; x_wconf 88' lang='lat' dir='ltr'>vivit,</span> <span class='ocrx_word' id='word_1_122' title='bbox 1362 1324 1499 1366; x_wconf 84' lang='lat' dir='ltr'>adest:</span> 
     </span>
     <span class='ocr_line' id='line_1_20' title="bbox 370 1379 1453 1436; baseline 0 -14"><span class='ocrx_word' id='word_1_123' title='bbox 370 1379 497 1422; x_wconf 86' lang='lat' dir='ltr'>tristis</span> <span class='ocrx_word' id='word_1_124' title='bbox 524 1381 578 1422; x_wconf 86' lang='lat' dir='ltr'>ad</span> <span class='ocrx_word' id='word_1_125' title='bbox 602 1381 873 1436; x_wconf 89' lang='lat' dir='ltr'>Hypsipylen</span> <span class='ocrx_word' id='word_1_126' title='bbox 899 1381 953 1422; x_wconf 88' lang='lat' dir='ltr'>ab</span> <span class='ocrx_word' id='word_1_127' title='bbox 978 1381 1131 1423; x_wconf 86' lang='lat' dir='ltr'>Iasone</span> <span class='ocrx_word' id='word_1_128' title='bbox 1156 1381 1296 1422; x_wconf 85' lang='lat' dir='ltr'>littera</span> <span class='ocrx_word' id='word_1_129' title='bbox 1321 1381 1453 1422; x_wconf 84' lang='lat' dir='ltr'>venit:</span> 
     </span>
     <span class='ocr_line' id='line_1_21' title="bbox 426 1437 1391 1493; baseline -0.001 -14"><span class='ocrx_word' id='word_1_130' title='bbox 426 1437 498 1480; x_wconf 86' lang='lat' dir='ltr'>det</span> <span class='ocrx_word' id='word_1_131' title='bbox 522 1445 664 1479; x_wconf 85' lang='lat' dir='ltr'>votam</span> <span class='ocrx_word' id='word_1_132' title='bbox 690 1438 868 1480; x_wconf 88' lang='lat' dir='ltr'>Phoebo</span> <span class='ocrx_word' id='word_1_133' title='bbox 894 1438 1048 1480; x_wconf 87' lang='lat' dir='ltr'>Lesbis</span> <span class='ocrx_word' id='word_1_134' title='bbox 1075 1446 1216 1479; x_wconf 88' lang='lat' dir='ltr'>amata</span> <span class='ocrx_word' id='word_1_135' title='bbox 1240 1438 1391 1493; x_wconf 85' lang='lat' dir='ltr'>lyram.</span> 
     </span>
     <span class='ocr_line' id='line_1_22' title="bbox 300 1494 1500 1549; baseline 0 -12"><span class='ocrx_word' id='word_1_136' title='bbox 300 1507 342 1538; x_wconf 82' lang='lat'>35</span> <span class='ocrx_word' id='word_1_137' title='bbox 368 1509 447 1537; x_wconf 88' lang='lat' dir='ltr'>nec</span> <span class='ocrx_word' id='word_1_138' title='bbox 472 1494 567 1543; x_wconf 88' lang='lat' dir='ltr'>tibi,</span> <span class='ocrx_word' id='word_1_139' title='bbox 594 1509 679 1549; x_wconf 86' lang='lat' dir='ltr'>qua</span> <span class='ocrx_word' id='word_1_140' title='bbox 704 1502 844 1536; x_wconf 85' lang='lat' dir='ltr'>tutum</span> <span class='ocrx_word' id='word_1_141' title='bbox 869 1495 974 1545; x_wconf 86' lang='lat' dir='ltr'>vati,</span> <span class='ocrx_word' id='word_1_142' title='bbox 1000 1495 1164 1545; x_wconf 91' lang='lat' dir='ltr'>Macer,</span> <span class='ocrx_word' id='word_1_143' title='bbox 1190 1510 1307 1536; x_wconf 86' lang='lat' dir='ltr'>arma</span> <span class='ocrx_word' id='word_1_144' title='bbox 1333 1495 1500 1538; x_wconf 87' lang='lat' dir='ltr'>canenti</span> 
     </span>
     <span class='ocr_line' id='line_1_23' title="bbox 425 1552 1340 1595; baseline 0.001 -3"><span class='ocrx_word' id='word_1_145' title='bbox 425 1567 578 1593; x_wconf 86' lang='lat' dir='ltr'>aureus</span> <span class='ocrx_word' id='word_1_146' title='bbox 602 1552 646 1593; x_wconf 93' lang='lat' dir='ltr'>in</span> <span class='ocrx_word' id='word_1_147' title='bbox 670 1552 810 1593; x_wconf 87' lang='lat' dir='ltr'>medio</span> <span class='ocrx_word' id='word_1_148' title='bbox 835 1552 976 1594; x_wconf 86' lang='lat' dir='ltr'>Marte</span> <span class='ocrx_word' id='word_1_149' title='bbox 1002 1560 1166 1595; x_wconf 87' lang='lat' dir='ltr'>tacetur</span> <span class='ocrx_word' id='word_1_150' title='bbox 1191 1553 1340 1593; x_wconf 88' lang='lat' dir='ltr'>Amor.</span> 
     </span>
     <span class='ocr_line' id='line_1_24' title="bbox 367 1608 1424 1659; baseline 0 -9"><span class='ocrx_word' id='word_1_151' title='bbox 367 1617 408 1650; x_wconf 90' lang='lat' dir='ltr'>et</span> <span class='ocrx_word' id='word_1_152' title='bbox 432 1608 555 1650; x_wconf 84' lang='lat' dir='ltr'>Paris</span> <span class='ocrx_word' id='word_1_153' title='bbox 581 1616 645 1650; x_wconf 85' lang='lat' dir='ltr'>est</span> <span class='ocrx_word' id='word_1_154' title='bbox 668 1609 753 1650; x_wconf 90' lang='grc'>11110</span> <span class='ocrx_word' id='word_1_155' title='bbox 779 1616 820 1651; x_wconf 89' lang='lat' dir='ltr'>et</span> <span class='ocrx_word' id='word_1_156' title='bbox 845 1610 1058 1659; x_wconf 88' lang='lat' dir='ltr'>adultera,</span> <span class='ocrx_word' id='word_1_157' title='bbox 1083 1609 1225 1651; x_wconf 88' lang='lat' dir='ltr'>nobile</span> <span class='ocrx_word' id='word_1_158' title='bbox 1251 1609 1424 1659; x_wconf 90' lang='lat' dir='ltr'>crimen,</span> 
     </span>
     <span class='ocr_line' id='line_1_25' title="bbox 424 1666 1233 1708; baseline -0.001 0"><span class='ocrx_word' id='word_1_159' title='bbox 424 1673 465 1708; x_wconf 89' lang='lat' dir='ltr'>et</span> <span class='ocrx_word' id='word_1_160' title='bbox 490 1680 631 1708; x_wconf 89' lang='lat' dir='ltr'>comes</span> <span class='ocrx_word' id='word_1_161' title='bbox 657 1666 841 1708; x_wconf 84' lang='lat' dir='ltr'>extincto</span> <span class='ocrx_word' id='word_1_162' title='bbox 867 1666 1105 1708; x_wconf 85' lang='lat' dir='ltr'>Laodamia</span> <span class='ocrx_word' id='word_1_163' title='bbox 1130 1667 1233 1708; x_wconf 81' lang='lat' dir='ltr'>viro.</span> 
     </span>
     <span class='ocr_line' id='line_1_26' title="bbox 367 1723 1333 1773; baseline 0.001 -9"><span class='ocrx_word' id='word_1_164' title='bbox 367 1723 402 1764; x_wconf 89' lang='lat' dir='ltr'>si</span> <span class='ocrx_word' id='word_1_165' title='bbox 427 1723 536 1765; x_wconf 89' lang='lat' dir='ltr'>bene</span> <span class='ocrx_word' id='word_1_166' title='bbox 560 1731 600 1765; x_wconf 92' lang='lat' dir='ltr'>te</span> <span class='ocrx_word' id='word_1_167' title='bbox 624 1724 744 1773; x_wconf 92' lang='lat' dir='ltr'>novi,</span> <span class='ocrx_word' id='word_1_168' title='bbox 769 1738 854 1765; x_wconf 88' lang='lat' dir='ltr'>non</span> <span class='ocrx_word' id='word_1_169' title='bbox 880 1724 992 1765; x_wconf 84' lang='lat' dir='ltr'>bella</span> <span class='ocrx_word' id='word_1_170' title='bbox 1016 1723 1216 1766; x_wconf 87' lang='lat' dir='ltr'>libentius</span> <span class='ocrx_word' id='word_1_171' title='bbox 1242 1723 1333 1765; x_wconf 88' lang='lat' dir='ltr'>istis</span> 
     </span>
     <span class='ocr_line' id='line_1_27' title="bbox 298 1780 1348 1831; baseline -0.001 -8"><span class='ocrx_word' id='word_1_172' title='bbox 298 1794 341 1824; x_wconf 86' lang='lat'>40</span> <span class='ocrx_word' id='word_1_173' title='bbox 424 1780 547 1831; x_wconf 87' lang='lat' dir='ltr'>dieis,</span> <span class='ocrx_word' id='word_1_174' title='bbox 574 1787 614 1822; x_wconf 86' lang='lat' dir='ltr'>et</span> <span class='ocrx_word' id='word_1_175' title='bbox 640 1796 665 1822; x_wconf 89' lang='lat' dir='ltr'>a</span> <span class='ocrx_word' id='word_1_176' title='bbox 690 1781 839 1823; x_wconf 85' lang='lat' dir='ltr'>vestris</span> <span class='ocrx_word' id='word_1_177' title='bbox 865 1780 908 1822; x_wconf 92' lang='lat' dir='ltr'>in</span> <span class='ocrx_word' id='word_1_178' title='bbox 932 1796 1029 1823; x_wconf 83' lang='lat' dir='ltr'>mea</span> <span class='ocrx_word' id='word_1_179' title='bbox 1054 1789 1192 1823; x_wconf 86' lang='lat' dir='ltr'>castra</span> <span class='ocrx_word' id='word_1_180' title='bbox 1216 1780 1348 1823; x_wconf 86' lang='lat' dir='ltr'>venis.</span> 
     </span>
    </p>
   </div>
   <div class='ocr_carea' id='block_1_3' title="bbox 992 1883 1127 1925">
    <p class='ocr_par' dir='ltr' id='par_1_3' title="bbox 992 1883 1127 1925">
     <span class='ocr_line' id='line_1_28' title="bbox 992 1883 1127 1925; baseline 0 0"><span class='ocrx_word' id='word_1_181' title='bbox 992 1883 1127 1925; x_wconf 86' lang='lat' dir='ltr'>XIX.</span> 
     </span>
    </p>
   </div>
   <div class='ocr_carea' id='block_1_4' title="bbox 368 1950 1427 2064">
    <p class='ocr_par' dir='ltr' id='par_1_4' title="bbox 368 1950 1427 2064">
     <span class='ocr_line' id='line_1_29' title="bbox 368 1950 1415 2008; baseline 0.001 -16"><span class='ocrx_word' id='word_1_182' title='bbox 368 1950 416 1993; x_wconf 84' lang='lat' dir='ltr'>Si</span> <span class='ocrx_word' id='word_1_183' title='bbox 442 1951 517 1993; x_wconf 87' lang='lat' dir='ltr'>tibi</span> <span class='ocrx_word' id='word_1_184' title='bbox 543 1967 628 1994; x_wconf 90' lang='lat' dir='ltr'>non</span> <span class='ocrx_word' id='word_1_185' title='bbox 654 1967 760 2008; x_wconf 89' lang='lat' dir='ltr'>opus</span> <span class='ocrx_word' id='word_1_186' title='bbox 787 1960 850 1994; x_wconf 87' lang='lat' dir='ltr'>est</span> <span class='ocrx_word' id='word_1_187' title='bbox 875 1960 1060 2001; x_wconf 82' lang='lat' dir='ltr'>servata,</span> <span class='ocrx_word' id='word_1_188' title='bbox 1088 1953 1234 2001; x_wconf 85' lang='lat' dir='ltr'>stulte,</span> <span class='ocrx_word' id='word_1_189' title='bbox 1260 1952 1415 2007; x_wconf 86' lang='lat' dir='ltr'>puella,</span> 
     </span>
     <span class='ocr_line' id='line_1_30' title="bbox 423 2009 1427 2064; baseline 0 -15"><span class='ocrx_word' id='word_1_190' title='bbox 423 2016 466 2050; x_wconf 88' lang='lat' dir='ltr'>at</span> <span class='ocrx_word' id='word_1_191' title='bbox 491 2009 593 2050; x_wconf 89' lang='lat' dir='ltr'>mihi</span> <span class='ocrx_word' id='word_1_192' title='bbox 617 2009 686 2051; x_wconf 88' lang='lat' dir='ltr'>fac</span> <span class='ocrx_word' id='word_1_193' title='bbox 712 2025 873 2058; x_wconf 88' lang='lat' dir='ltr'>serves,</span> <span class='ocrx_word' id='word_1_194' title='bbox 899 2024 984 2063; x_wconf 90' lang='lat' dir='ltr'>quo</span> <span class='ocrx_word' id='word_1_195' title='bbox 1010 2009 1145 2064; x_wconf 78' lang='lat' dir='ltr'>magis</span> <span class='ocrx_word' id='word_1_196' title='bbox 1172 2009 1262 2064; x_wconf 88' lang='lat' dir='ltr'>ipse</span> <span class='ocrx_word' id='word_1_197' title='bbox 1289 2009 1427 2050; x_wconf 88' lang='lat' dir='ltr'>velim.</span> 
     </span>
    </p>
   </div>
   <div class='ocr_carea' id='block_1_5' title="bbox 365 2065 1649 2121">
    <p class='ocr_par' dir='ltr' id='par_1_5' title="bbox 365 2065 1649 2121">
     <span class='ocr_line' id='line_1_31' title="bbox 365 2065 1649 2121; baseline 0.002 -14"><span class='ocrx_word' id='word_1_198' title='bbox 365 2065 480 2119; x_wconf 88' lang='lat' dir='ltr'>quod</span> <span class='ocrx_word' id='word_1_199' title='bbox 503 2065 621 2115; x_wconf 90' lang='lat' dir='ltr'>licet,</span> <span class='ocrx_word' id='word_1_200' title='bbox 647 2067 861 2121; x_wconf 85' lang='lat' dir='ltr'>ingratum</span> <span class='ocrx_word' id='word_1_201' title='bbox 887 2074 968 2108; x_wconf 85' lang='lat' dir='ltr'>est:</span> <span class='ocrx_word' id='word_1_202' title='bbox 996 2066 1110 2120; x_wconf 90' lang='lat' dir='ltr'>quod</span> <span class='ocrx_word' id='word_1_203' title='bbox 1135 2081 1219 2106; x_wconf 89' lang='lat' dir='ltr'>non</span> <span class='ocrx_word' id='word_1_204' title='bbox 1245 2065 1361 2115; x_wconf 90' lang='lat' dir='ltr'>licet,</span> <span class='ocrx_word' id='word_1_205' title='bbox 1389 2065 1526 2107; x_wconf 87' lang='lat' dir='ltr'>acrius</span> <span class='ocrx_word' id='word_1_206' title='bbox 1553 2066 1649 2109; x_wconf 85' lang='lat' dir='ltr'>urit.</span> 
     </span>
    </p>
   </div>
   <div class='ocr_carea' id='block_1_6' title="bbox 296 2122 1576 2864">
    <p class='ocr_par' dir='ltr' id='par_1_6' title="bbox 296 2122 1576 2864">
     <span class='ocr_line' id='line_1_32' title="bbox 422 2122 1433 2177; baseline 0.001 -14"><span class='ocrx_word' id='word_1_207' title='bbox 422 2122 584 2165; x_wconf 88' lang='lat' dir='ltr'>ferreus</span> <span class='ocrx_word' id='word_1_208' title='bbox 610 2132 691 2172; x_wconf 88' lang='lat' dir='ltr'>est,</span> <span class='ocrx_word' id='word_1_209' title='bbox 719 2123 870 2177; x_wconf 85' lang='lat' dir='ltr'>siquis,</span> <span class='ocrx_word' id='word_1_210' title='bbox 898 2123 1013 2177; x_wconf 87' lang='lat' dir='ltr'>quod</span> <span class='ocrx_word' id='word_1_211' title='bbox 1038 2123 1137 2164; x_wconf 89' lang='lat' dir='ltr'>sinit</span> <span class='ocrx_word' id='word_1_212' title='bbox 1162 2123 1280 2172; x_wconf 89' lang='lat' dir='ltr'>alter,</span> <span class='ocrx_word' id='word_1_213' title='bbox 1307 2130 1433 2164; x_wconf 89' lang='lat' dir='ltr'>amat.</span> 
     </span>
     <span class='ocr_line' id='line_1_33' title="bbox 319 2181 1456 2236; baseline -0.001 -13"><span class='ocrx_word' id='word_1_214' title='bbox 319 2194 337 2224; x_wconf 85' lang='lat'>5</span> <span class='ocrx_word' id='word_1_215' title='bbox 365 2195 581 2235; x_wconf 89' lang='lat' dir='ltr'>speremus</span> <span class='ocrx_word' id='word_1_216' title='bbox 607 2181 777 2236; x_wconf 85' lang='lat' dir='ltr'>pariter,</span> <span class='ocrx_word' id='word_1_217' title='bbox 804 2181 961 2236; x_wconf 84' lang='lat' dir='ltr'>pariter</span> <span class='ocrx_word' id='word_1_218' title='bbox 986 2188 1225 2222; x_wconf 88' lang='lat' dir='ltr'>metuamus</span> <span class='ocrx_word' id='word_1_219' title='bbox 1251 2187 1456 2230; x_wconf 87' lang='lat' dir='ltr'>amantes,</span> 
     </span>
     <span class='ocr_line' id='line_1_34' title="bbox 422 2237 1233 2292; baseline 0 -14"><span class='ocrx_word' id='word_1_220' title='bbox 422 2245 462 2278; x_wconf 92' lang='lat' dir='ltr'>et</span> <span class='ocrx_word' id='word_1_221' title='bbox 487 2237 617 2279; x_wconf 86' lang='lat' dir='ltr'>faciat</span> <span class='ocrx_word' id='word_1_222' title='bbox 641 2245 739 2279; x_wconf 90' lang='lat' dir='ltr'>voto</span> <span class='ocrx_word' id='word_1_223' title='bbox 765 2253 860 2279; x_wconf 84' lang='lat' dir='ltr'>rara</span> <span class='ocrx_word' id='word_1_224' title='bbox 884 2238 1055 2292; x_wconf 85' lang='lat' dir='ltr'>repulsa</span> <span class='ocrx_word' id='word_1_225' title='bbox 1078 2237 1233 2279; x_wconf 89' lang='lat' dir='ltr'>locum.</span> 
     </span>
     <span class='ocr_line' id='line_1_35' title="bbox 363 2293 1576 2348; baseline 0 -13"><span class='ocrx_word' id='word_1_226' title='bbox 363 2308 448 2348; x_wconf 92' lang='lat' dir='ltr'>quo</span> <span class='ocrx_word' id='word_1_227' title='bbox 473 2294 576 2335; x_wconf 89' lang='lat' dir='ltr'>mihi</span> <span class='ocrx_word' id='word_1_228' title='bbox 600 2294 834 2344; x_wconf 87' lang='lat' dir='ltr'>fortunam,</span> <span class='ocrx_word' id='word_1_229' title='bbox 860 2309 970 2348; x_wconf 90' lang='lat' dir='ltr'>quae</span> <span class='ocrx_word' id='word_1_230' title='bbox 995 2309 1231 2348; x_wconf 88' lang='lat' dir='ltr'>numquam</span> <span class='ocrx_word' id='word_1_231' title='bbox 1256 2293 1402 2336; x_wconf 86' lang='lat' dir='ltr'>fallere</span> <span class='ocrx_word' id='word_1_232' title='bbox 1434 2295 1576 2337; x_wconf 83' lang='lat' dir='ltr'>curet?</span> 
     </span>
     <span class='ocr_line' id='line_1_36' title="bbox 421 2351 1424 2407; baseline 0 -15"><span class='ocrx_word' id='word_1_233' title='bbox 421 2351 479 2392; x_wconf 88' lang='lat' dir='ltr'>nil</span> <span class='ocrx_word' id='word_1_234' title='bbox 505 2366 605 2407; x_wconf 87' lang='lat' dir='ltr'>e0·0,</span> <span class='ocrx_word' id='word_1_235' title='bbox 631 2352 747 2406; x_wconf 90' lang='lat' dir='ltr'>quod</span> <span class='ocrx_word' id='word_1_236' title='bbox 772 2353 888 2393; x_wconf 93' lang='grc'>1111110</span> <span class='ocrx_word' id='word_1_237' title='bbox 915 2360 1103 2407; x_wconf 87' lang='lat' dir='ltr'>tempore</span> <span class='ocrx_word' id='word_1_238' title='bbox 1129 2351 1289 2401; x_wconf 87' lang='lat' dir='ltr'>laedat,</span> <span class='ocrx_word' id='word_1_239' title='bbox 1316 2366 1424 2393; x_wconf 87' lang='lat' dir='ltr'>amo.</span> 
     </span>
     <span class='ocr_line' id='line_1_37' title="bbox 365 2384 1399 2458; baseline 0 -8"><span class='ocrx_word' id='word_1_240' title='bbox 365 2409 529 2450; x_wconf 88' lang='lat' dir='ltr'>viderat</span> <span class='ocrx_word' id='word_1_241' title='bbox 530 2384 672 2452; x_wconf 49' lang='lat' dir='ltr'>„hoe</span> <span class='ocrx_word' id='word_1_242' title='bbox 660 2425 704 2451; x_wconf 91' lang='lat' dir='ltr'>1n</span> <span class='ocrx_word' id='word_1_243' title='bbox 730 2425 798 2451; x_wconf 89' lang='lat' dir='ltr'>me</span> <span class='ocrx_word' id='word_1_244' title='bbox 824 2409 973 2451; x_wconf 90' lang='lat' dir='ltr'>vitium</span> <span class='ocrx_word' id='word_1_245' title='bbox 1000 2416 1171 2450; x_wconf 85' lang='lat' dir='ltr'>versuta</span> <span class='ocrx_word' id='word_1_246' title='bbox 1197 2407 1399 2458; x_wconf 87' lang='lat' dir='ltr'>Corinna,</span> 
     </span>
     <span class='ocr_line' id='line_1_38' title="bbox 297 2466 1412 2553; baseline -0.003 -44"><span class='ocrx_word' id='word_1_247' title='bbox 297 2480 338 2511; x_wconf 90' lang='lat'>10</span> <span class='ocrx_word' id='word_1_248' title='bbox 399 2480 589 2553; x_wconf 70' lang='lat' dir='ltr'>yquaque</span> <span class='ocrx_word' id='word_1_249' title='bbox 616 2467 709 2522; x_wconf 89' lang='lat' dir='ltr'>capi</span> <span class='ocrx_word' id='word_1_250' title='bbox 735 2482 924 2522; x_wconf 89' lang='lat' dir='ltr'>possem,</span> <span class='ocrx_word' id='word_1_251' title='bbox 951 2466 1103 2508; x_wconf 85' lang='lat' dir='ltr'>callida</span> <span class='ocrx_word' id='word_1_252' title='bbox 1127 2473 1250 2507; x_wconf 84' lang='lat' dir='ltr'>norat</span> <span class='ocrx_word' id='word_1_253' title='bbox 1275 2480 1412 2521; x_wconf 87' lang='lat' dir='ltr'>opem.</span> 
     </span>
     <span class='ocr_line' id='line_1_39' title="bbox 364 2522 1332 2579; baseline 0.001 -16"><span class='ocrx_word' id='word_1_254' title='bbox 364 2522 407 2564; x_wconf 73' lang='lat' dir='ltr'>a!</span> <span class='ocrx_word' id='word_1_255' title='bbox 446 2524 642 2578; x_wconf 89' lang='lat' dir='ltr'>quotiens</span> <span class='ocrx_word' id='word_1_256' title='bbox 671 2524 762 2565; x_wconf 86' lang='lat' dir='ltr'>sani</span> <span class='ocrx_word' id='word_1_257' title='bbox 788 2524 937 2579; x_wconf 90' lang='lat' dir='ltr'>capitis</span> <span class='ocrx_word' id='word_1_258' title='bbox 963 2524 1140 2566; x_wconf 89' lang='lat' dir='ltr'>mentita</span> <span class='ocrx_word' id='word_1_259' title='bbox 1165 2523 1332 2565; x_wconf 87' lang='lat' dir='ltr'>dolores</span> 
     </span>
     <span class='ocr_line' id='line_1_40' title="bbox 420 2579 1277 2635; baseline 0 -14"><span class='ocrx_word' id='word_1_260' title='bbox 420 2589 689 2623; x_wconf 87' lang='lat' dir='ltr'>cunctantem</span> <span class='ocrx_word' id='word_1_261' title='bbox 715 2581 834 2622; x_wconf 86' lang='lat' dir='ltr'>tardo</span> <span class='ocrx_word' id='word_1_262' title='bbox 859 2581 982 2622; x_wconf 86' lang='lat' dir='ltr'>iussit</span> <span class='ocrx_word' id='word_1_263' title='bbox 1006 2580 1122 2622; x_wconf 84' lang='lat' dir='ltr'>abire</span> <span class='ocrx_word' id='word_1_264' title='bbox 1147 2579 1277 2635; x_wconf 80' lang='lat' dir='ltr'>pede!</span> 
     </span>
     <span class='ocr_line' id='line_1_41' title="bbox 363 2636 1499 2694; baseline -0.001 -17"><span class='ocrx_word' id='word_1_265' title='bbox 363 2636 405 2677; x_wconf 77' lang='lat' dir='ltr'>a!</span> <span class='ocrx_word' id='word_1_266' title='bbox 443 2638 637 2691; x_wconf 88' lang='lat' dir='ltr'>quotiens</span> <span class='ocrx_word' id='word_1_267' title='bbox 662 2638 783 2679; x_wconf 83' lang='lat' dir='ltr'>finxit</span> <span class='ocrx_word' id='word_1_268' title='bbox 809 2639 998 2694; x_wconf 87' lang='lat' dir='ltr'>culpam,</span> <span class='ocrx_word' id='word_1_269' title='bbox 1025 2646 1318 2692; x_wconf 90' lang='lat' dir='ltr'>quantumque</span> <span class='ocrx_word' id='word_1_270' title='bbox 1343 2636 1499 2680; x_wconf 85' lang='lat' dir='ltr'>licebat</span> 
     </span>
     <span class='ocr_line' id='line_1_42' title="bbox 419 2693 1347 2750; baseline 0 -15"><span class='ocrx_word' id='word_1_271' title='bbox 419 2694 595 2744; x_wconf 87' lang='lat' dir='ltr'>insonti,</span> <span class='ocrx_word' id='word_1_272' title='bbox 621 2696 806 2750; x_wconf 87' lang='lat' dir='ltr'>speciem</span> <span class='ocrx_word' id='word_1_273' title='bbox 832 2694 1028 2750; x_wconf 87' lang='lat' dir='ltr'>praebuit</span> <span class='ocrx_word' id='word_1_274' title='bbox 1053 2709 1145 2736; x_wconf 90' lang='lat' dir='ltr'>esse</span> <span class='ocrx_word' id='word_1_275' title='bbox 1170 2693 1347 2736; x_wconf 76' lang='lat' dir='ltr'>nocens!</span> 
     </span>
     <span class='ocr_line' id='line_1_43' title="bbox 296 2751 1379 2807; baseline -0.003 -12"><span class='ocrx_word' id='word_1_276' title='bbox 296 2766 336 2795; x_wconf 79' lang='lat'>15</span> <span class='ocrx_word' id='word_1_277' title='bbox 364 2751 422 2792; x_wconf 79' lang='lat' dir='ltr'>sic</span> <span class='ocrx_word' id='word_1_278' title='bbox 447 2751 521 2792; x_wconf 91' lang='lat' dir='ltr'>ubi</span> <span class='ocrx_word' id='word_1_279' title='bbox 546 2759 721 2793; x_wconf 84' lang='lat' dir='ltr'>vexarat</span> <span class='ocrx_word' id='word_1_280' title='bbox 746 2752 994 2807; x_wconf 84' lang='lat' dir='ltr'>tepidosque</span> <span class='ocrx_word' id='word_1_281' title='bbox 1020 2751 1232 2794; x_wconf 88' lang='lat' dir='ltr'>refoverat</span> <span class='ocrx_word' id='word_1_282' title='bbox 1256 2751 1379 2806; x_wconf 86' lang='lat' dir='ltr'>ignis,</span> 
     </span>
     <span class='ocr_line' id='line_1_44' title="bbox 421 2808 1304 2864; baseline 0 -15"><span class='ocrx_word' id='word_1_283' title='bbox 421 2823 566 2850; x_wconf 82' lang='lat' dir='ltr'>rursus</span> <span class='ocrx_word' id='word_1_284' title='bbox 593 2816 682 2851; x_wconf 86' lang='lat' dir='ltr'>erat</span> <span class='ocrx_word' id='word_1_285' title='bbox 707 2809 815 2851; x_wconf 88' lang='lat' dir='ltr'>votis</span> <span class='ocrx_word' id='word_1_286' title='bbox 842 2809 972 2851; x_wconf 85' lang='lat' dir='ltr'>comis</span> <span class='ocrx_word' id='word_1_287' title='bbox 999 2816 1039 2851; x_wconf 90' lang='lat' dir='ltr'>et</span> <span class='ocrx_word' id='word_1_288' title='bbox 1065 2816 1163 2864; x_wconf 87' lang='lat' dir='ltr'>apta</span> <span class='ocrx_word' id='word_1_289' title='bbox 1187 2808 1304 2850; x_wconf 83' lang='lat' dir='ltr'>meis.</span> 
     </span>
    </p>
   </div>
   <div class='ocr_carea' id='block_1_7' title="bbox 1809 3009 1813 3060">
    <p class='ocr_par' dir='ltr' id='par_1_7' title="bbox 1809 3009 1813 3060">
     <span class='ocr_line' id='line_1_45' title="bbox 1809 3009 1813 3060; textangle 90"><span class='ocrx_word' id='word_1_290' title='bbox 1809 3009 1813 3060; x_wconf 67' lang='grc'><em>,-.-.</em></span> 
     </span>
    </p>
   </div>
  </div>
 </body>
</html>
