1831 3168
419 273 574 310 ARTIS
599 272 907 309 AMATORIAE
929 271 1028 307 LIB.
1051 271 1120 306 111.
1147 270 1340 306 136—223.

247 357 412 400 roscida
436 356 635 399 luciferos
661 370 757 398 cum
782 355 862 397 dea
885 353 1022 410 iungit
1045 366 1198 408 equos:

191 414 259 457 hic
284 414 473 470 Paphias
498 421 677 469 myrtos,
704 412 772 454 hic
796 426 1030 468 purpureas
1055 409 1329 465 amethystos,

249 472 492 513 albentesve
518 485 654 520 rosas,
679 469 976 512 Threiciamve
1000 483 1164 524 gruem.

191 543 269 571 nec
294 528 491 584 glandes,
517 527 748 582 Amarylli,
773 535 891 574 tuae,
915 540 994 568 nec
1019 523 1247 580 amygdala
1272 522 1442 565 desunt:

250 595 290 627 et
316 601 391 627 sua
417 584 642 627 velleribus
667 584 838 625 nomina
863 598 959 625 cera
984 581 1112 624 dedit.

192 652 297 698 quot
321 658 432 684 nova
456 651 567 684 terra
591 641 699 697 parit
724 640 867 690 flores,
893 654 989 681 cum
1015 653 1112 680 vere
1139 637 1297 692 tepenti

250 699 345 741 vitis
372 699 459 755 agit
483 713 674 756 gemmas
699 698 905 753 pigraque
931 695 1041 750 fugit
1066 695 1245 749 hiemps,

192 757 290 798 lana
315 765 375 798 tot
401 765 473 798 aut
498 756 640 811 plures
665 769 789 797 sucos
814 753 933 795 bibit.
994 751 1103 806 elige
1129 759 1284 792 certos:

250 829 348 854 nam
373 828 457 854 non
483 812 735 854 conveniens
761 810 956 852 omnibus
982 808 1117 849 omnis
1143 807 1234 849 erit.

193 871 309 926 pulla
335 870 485 913 decent
510 870 668 911 niveas.
727 867 923 910 Briseida
948 865 1064 922 pulla
1089 863 1314 906 decebant:

252 942 348 968 cum
374 936 495 982 rapta
520 936 601 975 est,
627 925 744 982 pulla
768 934 859 966 tum
884 937 1053 978 quoque
1078 930 1195 963 veste
1220 919 1314 961 fuit.

194 984 291 1026 alba
316 985 464 1026 decent
489 984 644 1026 fuscas.
704 981 830 1029 albis,
859 978 1040 1035 Cephei,
1066 977 1285 1034 placebas:

253 1042 312 1082 sic
338 1041 413 1082 tibi
437 1040 612 1083 vestitae
637 1054 781 1095 pressa
807 1037 1009 1092 Seriphos
1035 1044 1137 1078 erat.

194 1113 323 1153 quam
349 1113 483 1154 paene
508 1097 728 1146 admonui,
753 1110 806 1137 ne
831 1103 929 1136 trux
954 1108 1081 1149 caper
1104 1092 1183 1134 iret
1207 1091 1251 1133 in
1277 1091 1378 1140 alas,

251 1170 357 1197 neve
383 1155 521 1197 forent
546 1153 659 1195 duris
685 1167 835 1208 aspera
860 1167 982 1194 crura
1006 1149 1121 1206 pilis!

195 1212 270 1254 sed
294 1227 379 1253 non
405 1210 625 1253 Caucasea
650 1209 782 1252 doceo
808 1209 859 1251 de
884 1224 989 1264 rupe
1014 1207 1191 1263 puellam,

253 1283 447 1323 quaeque
473 1268 619 1310 bibant
643 1266 798 1316 undas,
823 1266 952 1321 Myse
978 1263 1127 1313 Caice,
1153 1272 1260 1305 tuas.

195 1326 317 1380 quid,
344 1326 378 1367 si
403 1325 680 1381 praecipiam,
705 1339 759 1366 ne
784 1323 921 1365 fuscet
945 1322 1095 1364 inertia
1119 1321 1281 1369 dentes,

253 1397 410 1437 oraque
436 1390 631 1437 suscepta
655 1396 779 1423 mane
803 1381 998 1422 laventur
1023 1377 1159 1434 aqua?

196 1440 311 1483 scitis
337 1448 378 1482 et
403 1439 577 1481 inducta
603 1438 833 1481 candorem
858 1451 1061 1492 quaerere
1087 1443 1214 1477 creta.

254 1497 460 1553 sanguine
486 1511 595 1550 quae
620 1510 720 1538 vero
744 1510 829 1536 non
854 1494 996 1543 rubet,
1023 1502 1112 1535 arte
1135 1491 1273 1534 rubet.

197 1564 286 1596 arte
312 1553 522 1609 supercilii
548 1553 729 1595 confinia
753 1552 868 1593 nuda
891 1551 1074 1606 repletis,

254 1625 470 1667 parvaque
496 1610 679 1651 sinceras
704 1609 816 1650 velat
841 1609 956 1649 aluta
980 1621 1124 1662 genas.

197 1683 276 1710 nec
300 1667 438 1723 pudor
462 1675 525 1708 est
550 1667 693 1708 oculos
719 1665 836 1707 tenui
861 1665 1027 1706 siornare
1053 1663 1198 1704 favilla

256 1725 322 1767 vel
347 1738 479 1779 prope
504 1733 545 1766 te
569 1732 688 1772 nato,
713 1722 852 1764 lucide
879 1702 1050 1776 (fydne,
1076 1734 1212 1762 croco.

199 1790 262 1824 cst
286 1781 407 1830 mihi,
434 1795 518 1835 quo
544 1780 631 1821 dixi
656 1789 820 1822 vestrae
845 1777 1126 1820 medicamina
1149 1776 1324 1823 formae,

255 1853 432 1894 parvus,
459 1837 534 1880 sed
558 1852 659 1879 cura
682 1836 863 1891 grande,
887 1835 1074 1884 libellus,
1100 1848 1219 1889 opus.
1403 1862 1408 1866 -

199 1896 296 1937 hinc
322 1909 491 1950 quoque
515 1894 793 1950 praesidium,
819 1894 978 1942 laesae,
1004 1891 1199 1947 petitote,
1224 1889 1411 1945 puellae:

256 1967 342 1994 non
367 1963 429 1994 est
453 1966 529 2007 pro
554 1951 702 1993 vestris
729 1966 796 1992 ars
821 1965 917 1992 mea
941 1949 1068 1991 rebus
1093 1948 1217 1989 iners.

198 2025 283 2052 non
308 2019 449 2051 tamen
475 2009 687 2064 expositas
712 2022 858 2049 mensa
883 2005 1117 2062 deprendat
1141 2011 1303 2046 amator

256 2066 449 2122 pyxidas.
510 2081 576 2107 ars
601 2065 754 2107 faciem
779 2064 1043 2106 dissimulata
1065 2063 1196 2104 iuvat.

199 2138 328 2178 quem
351 2138 435 2165 non
461 2122 649 2165 offendat
674 2131 762 2164 toto
787 2121 886 2163 faex
909 2121 1029 2162 inlita
1052 2119 1184 2168 vultu,

258 2196 355 2223 cum
378 2180 471 2221 fluit
495 2180 538 2221 in
562 2179 726 2234 tepidos
751 2178 937 2234 pondere
960 2178 1081 2232 lapsa
1105 2175 1248 2218 sinus?

200 2252 360 2292 oesupa
383 2236 486 2290 quid
510 2236 725 2278 redolent?
751 2235 945 2290 quamvis
970 2234 1160 2275 mittatur
1183 2231 1366 2273 Athenis

259 2294 456 2349 demptus
481 2293 534 2334 ab
559 2292 762 2334 inmundo
787 2292 941 2333 vellere
967 2305 1092 2332 sucus
1119 2289 1222 2330 ovis.

202 2365 280 2393 nec
305 2365 447 2393 coram
471 2349 624 2390 mixtas
651 2363 800 2391 cervae
826 2347 1056 2402 sumpsisse
1081 2345 1287 2388 medullas

260 2422 338 2449 nec
362 2421 504 2448 coram
530 2406 676 2447 dentes
702 2404 948 2446 defricuisse
972 2403 1161 2458 probem.

201 2465 282 2506 ista
307 2463 467 2505 dabunt
491 2462 689 2511 formam,
715 2462 789 2504 sed
815 2470 936 2502 erunt
961 2460 1168 2502 deformia
1192 2458 1298 2506 visu,

260 2521 496 2574 multaque,
523 2520 624 2560 dum
648 2519 773 2567 fiunt,
798 2518 956 2573 turpia,
980 2517 1093 2558 facta
1115 2516 1295 2571 placent.

203 2593 312 2633 quae
336 2591 450 2619 nunc
473 2590 628 2618 nomen
652 2575 810 2617 habent
834 2574 999 2630 operosi
1023 2574 1146 2629 signa
1169 2572 1378 2627 Myronis,

260 2634 426 2690 pondus
451 2633 564 2675 iners
588 2632 803 2687 quondam
828 2631 1018 2686 duraque
1044 2645 1183 2672 massa
1207 2629 1299 2670 fuit.

204 2691 355 2733 anulus
380 2698 427 2732 ut
451 2690 542 2740 fiat,
567 2689 704 2745 primo
729 2689 954 2732 conliditur
978 2703 1142 2729 aurum.

260 2762 366 2802 quas
390 2747 535 2803 geritis
560 2746 707 2796 vestis,
733 2746 902 2788 sordida
925 2746 1023 2787 lana
1046 2744 1140 2786 fuit.

203 2820 302 2848 cum
324 2804 463 2854 fieret,
488 2803 595 2860 lapis
620 2818 743 2860 asper
767 2811 872 2846 erat:
899 2817 1031 2853 nuuc,
1055 2801 1196 2844 nobile
1221 2800 1403 2857 signum,

1482 260 1559 302 181

1592 364 1654 395 180

1597 933 1658 963 1200

1598 1217 1659 1247 103

1594 1502 1659 1533 200

1599 1787 1663 1817 “¹05

1600 2072 1665 2103 ‘210
