1831 3168
338 250 411 292 90·
795 257 837 291 P.
865 257 1010 292 ovim
1036 256 1252 292 NASONIS

339 341 411 396 qui
437 341 570 389 dabit,
597 340 665 381 ille
691 338 769 380 tibi
793 353 947 393 magno
974 339 1026 379 sit
1051 339 1183 380 maior
1208 339 1408 382 Homero.

397 397 519 439 crede
545 396 667 444 mihi,
692 411 758 437 res
784 403 846 437 est
871 395 1090 449 ingeniosa
1115 396 1227 437 dare.

338 469 415 497 nec
442 462 506 502 tu,
533 453 664 507 siquis
690 452 767 494 erit
793 452 941 506 capitis
968 452 1161 494 mercede
1187 452 1442 508 redemptus,

396 510 584 565 despice:
611 509 779 564 gypsati
805 509 960 550 crimen
987 509 1111 550 inane
1136 509 1268 564 pedis.

272 581 312 611 65>
339 581 416 609 nec
441 575 483 608 te
509 566 720 621 decipiant
744 573 906 607 veteres
933 565 1089 607 circum
1116 566 1222 607 atria
1247 580 1379 608 cerae.

395 623 494 665 tolle
520 631 614 664 tuos
639 630 797 671 tecum,
823 637 986 678 pauper
1010 630 1184 671 amator,
1211 623 1330 664 avos!

338 680 459 735 quin,
485 680 586 733 quia
610 679 787 735 pulcher
811 680 906 727 erit,
932 688 1075 734 poscet
1101 680 1190 721 sine
1216 695 1387 722 munere
1412 680 1607 722 noctem?

396 737 509 791 quod
535 737 623 785 det,
650 744 879 778 amatorem
905 736 1067 791 flagitet
1092 746 1188 778 ante
1215 737 1356 777 suum!

337 794 507 849 parcius
533 793 690 848 exigito
715 793 915 848 pretium,
942 793 1042 833 dum
1067 794 1171 834 retia
1195 794 1345 843 tendis,

272 865 314 895 70
395 866 447 892 ne
473 850 652 905 fugiant.
713 859 858 905 captos
883 849 1048 904 legibus
1074 865 1148 891 ure
1174 851 1269 891 tuis.

338 922 416 950 nec
441 907 584 949 nocuit
610 907 829 948 simulatus
856 922 986 947 amor.
1048 907 1154 954 sine,
1182 907 1324 947 credat
1351 907 1500 948 amari:

397 972 438 1006 at
463 979 584 1013 cave,
610 979 662 1005 ne
687 964 818 1018 gratis
843 963 910 1003 hic
936 963 1011 1003 tibi
1037 970 1199 1004 constet
1224 978 1353 1004 amor.

339 1036 464 1076 saepe
489 1036 600 1075 nega
624 1028 780 1062 noctes,
842 1019 990 1075 capitis
1015 1019 1141 1060 modo
1166 1019 1280 1074 finge
1306 1020 1507 1068 dolorem,

396 1086 436 1120 et
450 1079 586 1119 -modo
612 1092 720 1131 quae
746 1091 894 1118 causas
919 1076 1139 1131 praebeat,
1166 1076 1245 1117 Isis
1272 1076 1361 1118 erit.

272 1148 312 1178 75
338 1150 438 1176 mox
462 1134 615 1189 recipe,
641 1141 688 1174 ut
712 1134 875 1175 nullum
900 1133 1088 1188 patiendi
1114 1133 1285 1188 colligat
1308 1148 1445 1183 usum,

394 1206 501 1234 neve
526 1191 776 1233 relentescat
801 1205 926 1245 saepe
951 1190 1145 1245 repulsus
1171 1205 1301 1231 amor.

338 1248 467 1290 surda
492 1248 545 1289 sit
569 1247 704 1289 oranti
729 1254 802 1288 tua
827 1247 972 1296 ianua,
999 1248 1095 1288 laxa
1120 1247 1284 1288 ferenti.

396 1305 540 1347 audiat
564 1304 721 1346 exclusi
747 1305 877 1345 verba
901 1312 1094 1359 receptus
1119 1319 1279 1345 amans.

338 1371 398 1411 et,
424 1361 545 1416 quasi
568 1362 683 1403 laesa
707 1361 838 1416 prior,
863 1375 1182 1415 nonnumquam
1208 1361 1387 1404 irascere
1411 1361 1548 1404 laeso:

270 1431 313 1462 80
394 1426 593 1460 vanescet
618 1418 742 1473 culpa
767 1419 891 1472 culpa
915 1433 1093 1473 repensa
1117 1427 1202 1458 tua.

339 1475 413 1517 sed
440 1489 673 1529 numquam
699 1474 863 1516 dederis
889 1475 1121 1529 spatiosum
1146 1483 1311 1529 tempus
1337 1475 1380 1516 in
1404 1475 1529 1516 iram:

329 1547 337 1552 ·
396 1547 522 1587 saepe
548 1532 780 1572 simultates
805 1531 867 1572 ira
890 1539 1055 1572 morata
1079 1531 1192 1572 facit.

337 1589 439 1643 quin
465 1588 591 1630 etiam
617 1588 779 1629 discant
805 1588 914 1628 oculi
938 1588 1156 1629 lacrimare
1183 1589 1331 1638 coacti,

396 1653 434 1687 et
460 1645 618 1686 faciant
643 1645 749 1685 udas
774 1645 843 1685 ille
868 1645 935 1686 vel
960 1645 1029 1686 ille
1054 1660 1199 1699 genas.

271 1715 312 1745 85
337 1717 436 1752 nec,
462 1702 625 1756 siquem
649 1701 789 1750 falles,
815 1708 861 1742 tu
886 1701 1099 1756 periurare
1125 1702 1290 1744 timeto:

395 1758 634 1800 commodat
657 1759 700 1799 in
724 1759 842 1799 lusus
867 1758 1041 1800 numina
1067 1759 1194 1800 surda
1218 1759 1378 1802 Venus.

339 1831 483 1857 servus
510 1824 550 1857 et
576 1815 630 1858 ad
654 1823 794 1870 partes
821 1816 966 1856 sollers
993 1816 1145 1856 ancilla
1168 1824 1381 1870 parentur,

396 1873 467 1926 qui
493 1872 690 1921 doceant,
717 1879 812 1926 apte
838 1872 940 1925 quid
965 1872 1041 1913 tibi
1066 1873 1198 1927 possit
1223 1873 1323 1913 emi:

338 1935 379 1970 et
405 1928 484 1969 sibi
509 1943 644 1983 pauca
668 1935 830 1983 rogent.
890 1929 1044 1969 multos
1069 1929 1102 1969 si
1127 1943 1265 1983 panea
1288 1929 1512 1983 rogabunt,

273 1998 314 2028 90
397 1985 618 2040 postmodo
644 1985 695 2026 (le
722 1985 877 2039 stipula
900 1986 1073 2039 grandis
1099 2000 1275 2027 acervus
1301 1986 1390 2027 erit.

340 2048 379 2083 et
406 2056 534 2090 soror,
561 2049 602 2082 et
627 2050 772 2090 mater,
799 2042 941 2082 nutrix
966 2056 1134 2095 quoque
1161 2050 1306 2097 carpat
1331 2050 1563 2084 amantem:

396 2098 441 2138 fit
468 2098 549 2139 cito
575 2112 649 2152 per
674 2098 827 2139 multas
852 2098 1009 2153 praeda
1034 2098 1164 2153 petita
1188 2114 1351 2139 manus.

341 2170 437 2196 cum
461 2162 501 2196 te
528 2154 722 2196 deficient
748 2155 949 2209 poscendi
973 2170 1150 2197 munera
1176 2170 1341 2205 causae,

395 2211 578 2253 natalem
604 2212 688 2252 libo
715 2211 937 2253 testificare
962 2220 1095 2252 tuum.
1144 2214 1149 2218 ’

272 2283 312 2313 95
338 2283 391 2310 ne
417 2283 588 2310 securus
615 2276 727 2309 amet
751 2268 867 2309 nullo
891 2269 1041 2318 rivale,
1068 2276 1235 2310 caveto:

394 2339 478 2366 non
503 2325 630 2374 bene,
657 2325 691 2366 si
714 2326 835 2366 tollas
861 2326 1038 2380 proelia,
1065 2326 1189 2366 durat
1214 2340 1343 2366 amor.

337 2382 406 2424 ille
432 2381 510 2422 viri
536 2381 676 2423 videat
700 2389 787 2422 toto
813 2382 991 2437 vestigia
1016 2383 1122 2423 lecto

394 2438 588 2492 factaque
614 2439 781 2480 lascivis
806 2439 936 2480 livida
960 2439 1067 2480 eolla
1091 2439 1212 2480 notis.

338 2510 512 2536 munera
536 2495 761 2551 praecipue
787 2495 947 2544 videat,
973 2510 1082 2550 quae
1106 2495 1266 2538 miserit
1291 2497 1406 2538 alter.

251 2565 313 2595 100
396 2552 430 2593 si
455 2552 616 2594 dederit
640 2553 799 2601 nullus,
827 2567 945 2594 sacra
968 2553 1159 2607 roganda
1183 2553 1252 2594 via
1276 2560 1351 2594 est.

339 2623 433 2649 cum
459 2609 591 2649 multa
616 2609 856 2659 abstuleris,
883 2617 930 2650 ut
953 2624 1037 2650 non
1062 2617 1202 2650 tamen
1228 2610 1368 2651 omnia
1394 2610 1536 2659 donet,

395 2665 509 2718 quod
534 2680 765 2719 numquam
790 2667 956 2716 reddas,
983 2667 1232 2715 commodet,
1258 2667 1352 2722 ipsa
1375 2681 1492 2722 roga.

336 2720 483 2775 lingua
508 2721 623 2762 iuvet
647 2730 915 2777 mentemque
941 2730 1075 2778 tegat:
1101 2723 1291 2765 blandire
1316 2738 1525 2778 noceque;

394 2777 523 2834 impia
549 2779 626 2818 sub
653 2778 763 2820 dulci
789 2781 912 2822 melle
938 2795 1101 2822 venena
1125 2780 1268 2821 latent.
