1831 3168
291 238 376 282 214
470 247 514 282 P.
541 245 686 283 ovlm
712 243 928 281 NASONIS
954 244 1142 279 REMED.
1169 244 1255 279 AM.
1284 245 1474 281 784—814.

345 345 419 386 per
444 336 675 384 sceptrum,
701 334 912 382 sceptrum
937 341 1021 367 non
1046 333 1167 381 putat
1193 341 1283 368 esse
1310 327 1422 368 deos.

201 400 263 431 785
290 386 331 427 di
357 385 531 434 faciant,
556 384 690 440 possis
716 384 909 425 dominae
935 384 1110 425 transire
1135 383 1304 425 relictae

345 441 509 491 limina,
533 441 747 496 proposito
773 440 1068 494 sufficiantque
1093 440 1235 495 pedeS.

290 507 329 541 et
355 498 524 554 poteris.
585 498 710 539 modo
736 497 843 539 velle
869 505 976 539 tene.
1035 511 1148 538 nunc
1173 496 1334 539 fortiter
1357 497 1431 546 ire,

345 569 459 597 nunc
483 569 589 611 opus
615 561 678 596 est
703 554 828 596 celeri
853 554 1034 596 subdere
1060 555 1198 595 calcar
1222 567 1344 608 equo.

289 613 359 654 illo
383 612 679 668 Lotophagos,
704 612 775 652 illo
802 610 973 653 Sirenas
998 611 1041 652 in
1066 618 1185 652 antro

202 684 266 714 790
349 684 440 711 esse
465 676 581 724 puta.
641 668 767 710 remis
794 668 912 710 adice
938 667 1032 710 vela
1056 668 1152 709 tuis.

290 726 403 767 hunc
427 740 616 780 quoque,
643 739 726 779 quo
751 725 965 779 quondam
990 724 1167 766 nimium
1192 724 1322 766 rivale
1348 723 1536 772 dolebas,

348 783 499 825 vellem
526 782 737 824 desineres
762 782 892 823 hostis
917 782 1073 824 habere
1098 782 1202 823 loco.

293 847 333 881 at
361 847 491 889 certe,
517 839 709 893 quamvis
736 839 831 880 odio
856 845 1119 888 remanente,
1145 838 1293 880 saluta.

350 897 493 938 oscula
517 911 613 938 cum
637 896 793 951 poteris
819 896 902 936 iam
928 895 1048 945 dare,
1075 910 1201 936 sanus
1227 895 1320 936 eris.
1345 918 1403 923 —-

204 967 266 998 795
293 967 409 1003 ecce,
435 953 551 994 cibos
577 952 724 1002 etiam,
749 952 983 994 medicinae
1008 951 1164 1007 fungar
1188 959 1234 992 ut
1259 951 1368 992 omni

350 1025 543 1060 munere,
570 1024 675 1064 quos
701 1009 842 1064 fugias
868 1023 1058 1063 quosque
1085 1022 1280 1062 sequare,
1308 1007 1431 1048 dabo.

293 1065 510 1116 Daunius,
537 1082 590 1107 an
615 1066 790 1121 Libycis
816 1066 971 1107 bulbus
996 1066 1073 1107 tibi
1097 1066 1251 1106 missus
1276 1064 1329 1105 ab
1355 1065 1451 1113 oris,

352 1139 406 1165 an
429 1123 570 1165 veniat
595 1123 806 1178 Megaris,
832 1123 984 1164 noxius
1010 1122 1145 1164 omnis
1170 1121 1261 1163 erit.

293 1196 372 1223 nec
395 1180 535 1222 minus
560 1194 707 1221 erucas
733 1187 878 1234 aptum
903 1180 1035 1221 vitare
1062 1179 1234 1227 salaces,

204 1251 270 1282 800
353 1244 392 1279 et
417 1236 618 1291 quicquid
643 1236 799 1279 Veneri
827 1250 1002 1290 corpora
1026 1244 1168 1276 nostra
1192 1242 1324 1290 parat.

294 1294 438 1335 utilius
464 1308 606 1334 sumas
632 1293 820 1334 acuentis
844 1292 1005 1334 lumina
1029 1300 1156 1340 rums,

352 1358 393 1392 et
419 1349 620 1404 quicquid
644 1349 801 1391 Veneri
827 1363 1002 1403 corpora
1026 1356 1169 1389 nostra
1193 1354 1334 1402 negat.

288 1407 398 1465 ‘quid
422 1406 498 1448 tibi
523 1405 777 1461 praecipiam
805 1406 856 1447 de
881 1405 1042 1446 Bacchi
1067 1418 1260 1453 munere,
1286 1403 1479 1457 quaeris?

354 1479 428 1519 spe
453 1462 622 1504 brevius
648 1462 816 1503 monitis
843 1462 1064 1516 expediere
1091 1461 1207 1502 meis.

187 1533 270 1565 '805
296 1520 394 1562 vina
418 1527 569 1575 parant
593 1519 781 1560 animum
806 1518 982 1567 Veneri,
1007 1517 1087 1558 nisi
1112 1517 1293 1572 plurima
1318 1530 1474 1565 sumas,

354 1585 395 1619 et
419 1584 614 1632 stupeant
639 1576 769 1617 multo
795 1575 923 1617 corda
947 1574 1111 1630 sepulta
1135 1587 1264 1615 mero.

296 1634 478 1676 nutritur
503 1640 648 1681 vento,
674 1640 799 1674 vento
824 1631 1100 1686 restinguitur
1123 1630 1252 1686 ignis:

353 1690 457 1733 lenis
484 1689 555 1731 alit
581 1690 792 1738 flammas,
815 1688 1016 1743 grandior
1040 1702 1142 1729 aura
1166 1694 1301 1728 necat.

298 1756 371 1789 aut
395 1748 510 1788 nulla
536 1746 735 1796 ebrietas,
761 1754 834 1787 aut
858 1753 974 1786 tanta
1000 1745 1071 1794 sit,
1096 1751 1142 1785 ut
1167 1743 1242 1784 tibi
1269 1757 1389 1784 curas

206 1818 272 1850 810
354 1804 521 1858 eripiat:
548 1803 669 1857 siqua
694 1810 755 1844 est
780 1802 887 1843 inter
911 1809 1136 1855 utrumque
1146 1832 1156 1850 ,
1181 1808 1315 1841 nocet.
1340 1823 1397 1828 -—

296 1861 377 1902 hoc
403 1875 508 1915 opus
534 1859 669 1914 exegi.
729 1859 885 1907 fessae,
913 1858 1009 1899 date
1035 1866 1164 1906 serta,
1191 1857 1371 1898 carinae.

355 1916 607 1971 contigimus
633 1923 799 1970 portus,
825 1929 909 1968 quo
934 1915 1036 1955 mihi
1062 1929 1209 1955 cursus
1236 1920 1336 1954 erat.

298 1973 519 2030 postmodo
544 1972 726 2013 reddetis
752 1985 870 2012 sacro
895 1971 965 2025 pia
990 1978 1088 2011 vota
1112 1977 1275 2024 poetae,

355 2029 538 2071 carmine
563 2027 697 2069 sanati
721 2027 877 2068 femina
902 2026 1048 2081 virque
1073 2040 1178 2067 meo.
