1831 3168
437 235 657 272 AMORUM
681 235 776 270 LIB.
803 235 851 270 11.
878 235 926 279 ΙΙ,
953 235 1107 281 17-1V‚
1134 236 1188 271 16.

130 319 231 374 quid
256 318 397 374 dispar
422 325 632 360 certamen
657 317 763 358 inis?
805 317 879 358 tibi
904 317 1079 360 verbera
1102 317 1212 360 victo

187 376 358 423 adsunt,
384 375 425 416 in
451 375 611 430 gremio
636 374 784 415 iudicis
810 374 880 415 illa
905 374 1034 416 sedet.

132 446 216 473 non
242 432 376 473 scelus
402 432 683 486 adgredimur,
708 445 792 471 non
817 431 869 471 ad
894 430 1108 472 miscenda
1132 430 1291 473 coimus

187 489 344 537 toxica,
369 503 452 529 non
478 488 618 528 stricto
643 487 837 528 fulminat
863 501 961 528 ense
985 502 1148 528 manus.

130 545 393 599 quaerimus,
418 552 462 585 ut
490 551 578 585 tuto
604 558 677 598 per
702 551 741 584 te
766 544 973 598 possimus
999 558 1158 585 amare:

187 601 289 656 quid
313 601 508 657 precibus
533 600 684 641 nostris
709 600 874 640 mollius
900 614 990 641 csse
1015 600 1179 655 potest?

767 701 849 741 III.

129 767 183 810 Ei
208 769 328 819 mihi,
353 769 466 824 quod
491 767 702 809 dominam
727 782 805 809 nec
829 767 893 808 vir
916 783 994 810 nec
1018 768 1174 810 femina
1199 784 1354 819 servas,

186 833 333 866 mutua
358 839 435 866 nec
459 824 637 867 Veneris
662 824 818 879 gaudia
842 838 964 866 nosse
989 824 1125 879 potesl

129 881 202 936 qui
226 882 385 936 primus
411 882 551 936 pueris
576 881 775 935 genitalia
799 881 988 921 membra
1012 881 1179 930 recidit,

185 938 378 987 vulnera,
405 952 513 991 quae
538 937 657 986 fecit,
683 937 825 978 debuit
850 937 938 992 ipse
964 937 1063 992 pati.

129 994 264 1036 mollis
288 995 330 1035 in
356 994 606 1047 obsequium
631 993 849 1047 facilisque
874 994 1122 1048 rogantibus
1148 1009 1275 1043 esseS,

186 1051 221 1092 si
246 1058 342 1092 tuus
366 1051 409 1092 in
435 1051 582 1104 quavis
606 1050 909 1105 praetepuisset
935 1065 1064 1092 amor.

129 1121 214 1148 non
238 1115 284 1148 tu
308 1116 431 1148 natus
457 1122 579 1161 equo,
603 1121 688 1148 non
712 1106 890 1148 fortibus
915 1107 1028 1148 utilis
1053 1107 1198 1156 armis;

187 1164 335 1205 bellica
359 1178 443 1205 non
468 1164 639 1205 dextrae
664 1163 859 1205 convenit
882 1163 1003 1205 hasta
1027 1171 1138 1206 tuae.

129 1220 210 1261 ista
233 1235 369 1261 mares
394 1227 592 1269 tractent,
617 1227 663 1261 tu
689 1234 783 1275 spes
810 1220 972 1275 depone
997 1221 1157 1262 viriles:

186 1283 283 1317 sunt
308 1276 384 1317 tibi
409 1291 503 1318 cum
530 1276 698 1317 domina
722 1277 843 1331 signa
867 1276 1041 1318 ferenda
1065 1284 1150 1318 tua.

129 1332 238 1383 hanc
260 1333 388 1388 imple
413 1333 592 1381 meritis,
617 1333 742 1374 huius
768 1333 844 1374 tibi
868 1334 1005 1388 gratia
1028 1335 1178 1389 prosit:

186 1389 221 1430 si
246 1403 388 1431 careas
413 1390 503 1439 illa,
529 1389 622 1443 quis
647 1397 744 1430 tuus
769 1404 871 1431 usus
898 1390 999 1431 erit?

130 1452 192 1487 est
217 1445 343 1486 etiam
366 1446 509 1495 facies,
535 1453 631 1487 sunt
657 1446 743 1501 apti
766 1446 928 1488 lusibus
954 1448 1070 1488 anni:

186 1502 360 1556 indigna
384 1510 446 1543 est
470 1503 591 1557 pigro
622 1503 757 1543 forma
781 1503 915 1557 perire
941 1504 1036 1544 situ.

129 1558 273 1599 fallere
299 1567 338 1600 te
363 1559 517 1613 potuit,
544 1559 735 1612 quamvis
760 1559 940 1600 habeare
965 1560 1183 1601 molestus:

186 1629 270 1655 non
296 1622 409 1656 caret
434 1615 605 1664 effectu,
631 1615 746 1668 quod
770 1616 939 1657 voluere
965 1616 1068 1657 duo!

131 1671 269 1726 aptius
293 1679 338 1712 ut
363 1672 489 1712 suerit
513 1671 706 1726 precibus
732 1679 976 1726 temptasse,
1001 1687 1213 1727 rogamus,

188 1728 288 1768 dum
314 1728 419 1770 bene
444 1728 628 1783 ponendi
652 1743 827 1769 munera
852 1736 1016 1783 tempus
1042 1729 1185 1771 habes.

768 1830 847 1872 IV.

130 1896 227 1938 Non
253 1911 332 1951 ego
357 1896 579 1937 mendosos
605 1897 740 1938 ausim
766 1896 990 1938 defendere
1015 1911 1151 1939 mores

186 1953 376 2007 falsaque
400 1967 476 2007 pro
502 1953 612 1994 vitiis
638 1969 754 1995 arma
777 1968 946 1995 movere
971 1954 1089 1996 meis.

130 2010 330 2051 confiteor
354 2007 512 2062 (siquid
536 2010 705 2064 prodest
731 2010 881 2051 delicta
905 2010 1046 2065 fateri)
1055 2026 1065 2060 3

186 2066 229 2106 in
253 2081 348 2107 mea
370 2080 483 2107 nunc
508 2066 680 2107 demens
705 2067 893 2116 crimina,
918 2067 1069 2117 fassus,
1096 2081 1158 2108 eo.

131 2122 219 2172 odi,
244 2136 322 2164 nec
346 2137 519 2177 possum
545 2123 716 2178 cupiens
740 2137 825 2164 non
851 2138 960 2171 esse,
985 2123 1099 2176 quod
1124 2122 1207 2163 odi.

188 2179 269 2220 heu
295 2193 441 2232 quam,
468 2194 575 2232 quae
600 2179 769 2220 studeas
795 2194 969 2234 ponere,
994 2180 1102 2221 ferre
1127 2194 1256 2234 grave
1282 2178 1362 2220 est!

131 2251 229 2276 nam
254 2235 404 2276 desunt
428 2235 536 2276 vires
562 2236 615 2276 ad
640 2250 705 2276 me
729 2235 831 2276 mihi
855 2236 1003 2288 iusque
1028 2235 1281 2289 regendum3

189 2290 356 2332 auferor
379 2298 426 2332 ut
450 2291 596 2345 rapida
621 2292 784 2332 concita
808 2292 961 2346 puppis
987 2305 1110 2345 aqua.

131 2361 215 2387 non
241 2354 303 2388 est
328 2354 441 2388 certa
465 2362 580 2388 meos
606 2362 714 2401 quae
738 2348 874 2388 forma
899 2347 1046 2388 invitet
1070 2361 1245 2389 amores.

190 2411 357 2444 centum
382 2411 479 2444 sunt
503 2418 673 2451 causae,
699 2419 774 2445 cur
798 2418 876 2459 ego
902 2418 1067 2458 semper
1090 2419 1241 2445 amem.

132 2460 219 2501 sive
245 2459 385 2512 aliqua
409 2466 472 2500 est
497 2459 640 2500 oculos
664 2460 708 2500 in
733 2475 776 2501 se
802 2460 964 2501 deiecta
987 2460 1213 2510 modestos,

188 2530 300 2564 uror,
325 2522 365 2556 et
389 2515 564 2556 insidiae
591 2523 688 2557 sunt
711 2516 847 2571 pudor
870 2517 938 2558 ille
963 2531 1095 2558 meae.

133 2573 219 2613 sive
245 2585 401 2627 procax
426 2572 566 2625 aliqua
590 2580 671 2621 est,
697 2572 849 2627 capior,
876 2573 975 2627 quia
998 2572 1154 2614 rustica
1177 2587 1262 2614 non
1286 2580 1361 2625 est,

189 2642 392 2683 spemque
417 2628 488 2669 dat
512 2628 556 2669 in
581 2629 695 2670 molli
718 2629 885 2670 mobilis
911 2644 1000 2671 esse
1025 2637 1129 2670 toro.

132 2700 280 2739 aspera
306 2684 340 2725 si
363 2685 452 2726 visa
476 2692 537 2726 est
562 2684 801 2740 rigidasque
825 2686 987 2727 imitata
1012 2684 1206 2736 Sabinas,

188 2741 314 2790 velle,
340 2741 415 2782 sed
439 2757 489 2784 ex
516 2742 598 2783 alto
624 2742 885 2784 dissimulare
909 2749 1024 2798 puto.

1409 226 1488 269 101

1515 557 1556 588 65

1519 1289 1559 1319 10

1519 1572 1558 1603 15

1519 2418 1558 2448 10

1520 2702 1559 2733 15
