1831 3168
346 249 428 291 122
805 260 847 293 Ρ.
875 260 1018 296 OVIDI
1047 259 1263 295 NASONIS

279 355 317 385 15
345 341 489 390 dieite,
516 342 576 391 di,
605 341 638 382 si
665 356 739 382 vos
765 341 937 397 impune
964 341 1171 384 fefellerat
1196 341 1280 390 illa,

403 398 573 440 alterius
600 398 737 440 meriti
764 413 839 440 eur
864 414 943 441 erro
970 399 1125 440 damna
1150 398 1250 440 tuli?

345 471 396 496 an
423 470 507 496 non
533 455 717 497 invidiae
743 456 863 497 vobis
888 436 1083 511 &epheta
1108 456 1228 511 virgo
1254 463 1331 505 est,

401 527 477 567 pro
503 513 611 554 male
637 512 822 554 formosa
847 513 960 554 iussa
986 521 1160 568 parente
1185 513 1316 554 mori?

344 583 427 610 non
454 569 553 610 satis
579 577 660 619 est,
687 570 800 624 quod
826 585 901 612 vos
927 570 1057 611 habui
1083 570 1172 612 sine
1197 569 1383 626 pondere
1409 571 1544 621 testis,

276 640 318 669 20
402 634 441 668 et
468 641 634 668 meeum
660 627 775 669 lusos
800 627 907 670 ridet
933 627 1067 669 inulta
1093 628 1220 669 deos?

342 691 388 723 ut
414 699 490 725 sua
515 699 589 739 per
613 692 801 726 nostram
826 685 1006 727 redimat
1030 685 1214 740 periuria
1238 699 1433 741 poenam,

402 740 570 782 vietima
596 741 798 797 deeeptus
825 742 1072 798 decipientis
1098 742 1195 784 ero?

343 805 415 838 aut
440 798 529 840 sine
556 814 599 840 re
625 814 779 841 nomen
806 800 909 841 deus
936 808 998 841 est
1022 799 1264 854 frustraque
1290 799 1462 841 timetur

401 864 439 896 et
468 856 595 897 stulta
621 857 800 911 populos
827 857 1073 899 credulitate
1099 864 1259 898 movet:

273 925 314 955 ‘25
342 919 415 953 aut
441 912 571 966 siquis
598 913 701 955 deus
728 922 810 963 est,
838 922 1002 955 teneras
1029 922 1142 955 amat
1167 914 1236 955 ille
1262 914 1440 969 puellas,

399 979 439 1010 et
465 970 641 1011 nimium
667 971 778 1012 solas
804 971 946 1012 onmia
970 986 1093 1025 posse
1119 971 1249 1012 iubet.

341 1026 462 1067 nobis
489 1027 657 1069 fatifero
683 1028 859 1069 Mavors
886 1028 1122 1083 aecingitur
1147 1042 1265 1069 ense:

398 1098 474 1125 nos
500 1085 604 1139 petit
628 1085 786 1127 invicta
810 1084 1000 1126 Palladis
1027 1085 1149 1126 hasta
1174 1100 1322 1126 manu:

339 1141 461 1181 nobis
487 1142 691 1184 flexibiles
718 1151 948 1184 curvantur
973 1142 1185 1198 Apollinis
1212 1156 1354 1183 arcus:

272 1211 314 1242 30
396 1198 440 1239 in
465 1213 541 1240 nos
568 1200 653 1240 alta
678 1200 791 1241 Iovis
818 1200 992 1242 dextera
1017 1200 1177 1241 fulmen
1204 1199 1350 1241 habet:

338 1254 546 1297 formosas
573 1257 714 1312 superi
739 1266 932 1299 metuunt
959 1256 1173 1299 offendere
1198 1256 1314 1304 laesi,

397 1322 522 1367 atque
548 1314 671 1363 ultr0,
699 1329 808 1368 quae
834 1330 878 1356 se
904 1329 988 1355 non
1013 1314 1211 1363 timuere,
1238 1313 1398 1355 timent.

339 1377 380 1410 et
405 1370 631 1424 quisquam
656 1371 727 1426 pia
751 1381 846 1413 tura
870 1371 976 1413 foeis
1001 1371 1203 1426 inponere
1230 1372 1375 1412 curat?

396 1435 507 1469 certe
532 1428 628 1483 plus
654 1429 783 1470 animi
809 1428 935 1471 debet
960 1429 1097 1470 inesse
1122 1428 1234 1469 viris.

269 1496 311 1527 35
338 1484 530 1539 Iuppiter
555 1485 654 1540 igne
682 1501 779 1527 suos
806 1486 922 1527 lucos
948 1486 1155 1527 iaculatur
1181 1495 1219 1527 et
1247 1499 1362 1526 arces

395 1542 611 1596 missaque
636 1543 827 1598 periuras
853 1543 937 1585 tela
961 1543 1085 1585 ferire
1111 1551 1238 1584 vetat.
1344 1583 1355 1595 ‚

338 1605 398 1640 tot
424 1614 615 1641 meruere
641 1600 746 1655 peti:
775 1600 943 1642 Semele
969 1600 1219 1642 miserabilis
1246 1600 1366 1647 arsit3

396 1656 537 1698 offieio
564 1665 627 1699 est
652 1657 712 1699 illi
737 1672 876 1713 poena
900 1665 1067 1713 reperta
1092 1672 1182 1699 suo.

337 1722 377 1755 at
406 1713 439 1754 si
464 1722 642 1756 venturo
669 1730 712 1757 se
739 1715 1012 1757 subduxisset
1037 1714 1209 1764 amanti,

266 1784 309 1813 40
392 1786 477 1812 non
502 1780 622 1826 pater
646 1772 690 1814 in
714 1772 887 1815 Baccho
913 1772 1058 1814 matris
1084 1772 1259 1814 haberet
1285 1786 1405 1827 opus.

335 1828 438 1882 quid
463 1843 616 1883 queror
642 1837 683 1872 et
708 1836 796 1872 toto
821 1830 932 1871 facio
959 1830 1150 1872 eonvieia
1175 1829 1318 1871 eaelo?

393 1885 434 1926 di
461 1900 629 1940 quoque
654 1887 813 1929 habent
837 1888 1001 1937 oeulos,
1029 1887 1070 1928 di
1096 1901 1265 1941 quoque
1290 1893 1437 1941 peetus
1462 1884 1636 1928 habent.

336 1942 369 1982 si
397 1942 500 1984 deus
527 1943 616 1998 ipse
643 1944 798 1994 forem,
824 1960 983 1986 numen
1009 1944 1099 1985 sine
1125 1944 1275 1985 fraude
1301 1943 1445 1985 liceret

392 1999 550 2041 femina
575 2001 770 2042 mendaci
795 2000 961 2043 falleret
986 2016 1057 2042 ore
1082 2016 1238 2043 meum.

266 2070 308 2100 45
334 2055 425 2112 ipse
453 2071 532 2111 ego
558 2057 741 2099 iurarem
768 2073 915 2099 verum
941 2058 1079 2099 iurare
1105 2057 1282 2113 puellas,

392 2124 432 2155 et
458 2128 541 2155 non
568 2114 619 2157 de
646 2114 802 2156 tetricis
830 2115 990 2157 dicerer
1016 2130 1107 2156 esse
1135 2114 1252 2156 deus.

333 2179 378 2212 tu
405 2181 546 2213 tamen
571 2172 737 2213 illorum
765 2172 1021 2214 moderatius
1047 2180 1165 2214 utere
1192 2172 1321 2212 dono:

391 2238 463 2269 aut
490 2229 622 2270 oeulis
649 2236 759 2271 certe
786 2244 933 2284 parce,
959 2229 1120 2284 puella,
1147 2228 1265 2270 meis.

983 2332 1061 2375 IV.

333 2399 453 2441 Dure
480 2400 556 2449 vir,
583 2400 764 2455 inposito
792 2408 962 2442 tenerae
989 2401 1163 2442 custode
1189 2400 1356 2456 puellae

388 2457 447 2498 nil
473 2457 583 2512 agis:
610 2457 781 2513 ingenio
807 2467 870 2500 est
895 2472 1090 2512 quaeque
1116 2457 1275 2500 tuenda
1300 2471 1389 2498 suo.

333 2515 453 2567 siqua
478 2523 594 2556 metu
621 2515 792 2570 dempto
820 2523 934 2557 easta
960 2523 1040 2565 est,
1066 2531 1116 2558 ea
1141 2515 1323 2568 denique
1350 2521 1466 2555 easta
1491 2521 1575 2555 est:

389 2586 517 2624 quae,
545 2572 646 2626 quia
670 2587 755 2614 non
780 2572 925 2622 liceat,
950 2587 1035 2614 non
1060 2572 1182 2621 facit,
1209 2571 1280 2613 illa
1306 2571 1420 2612 faeit.

285 2642 303 2670 5
331 2637 375 2667 ut
402 2628 486 2668 iam
513 2629 692 2671 servaris
718 2630 825 2672 bene
851 2644 1024 2685 eorpus,
1052 2629 1245 2671 adultera
1270 2644 1389 2670 mens
1415 2635 1491 2677 est,

387 2699 465 2726 nee
491 2686 713 2736 custodiri,
740 2686 783 2728 ni
810 2687 929 2735 velit,
955 2687 1042 2728 ulla
1067 2694 1218 2742 potest.

330 2755 406 2781 nee
433 2755 585 2797 eorpus
612 2758 779 2785 servare
806 2752 945 2799 potes,
971 2744 1069 2786 lieet
1095 2744 1237 2785 omnia
1263 2741 1454 2784 claudas:

387 2799 582 2840 omnibus
610 2801 790 2842 exclusis
817 2801 929 2842 intus
956 2801 1121 2844 adulter
1146 2801 1237 2843 erit.
