1831 3168
367 202 424 244 48
826 212 867 247 Ρ.
895 212 1039 249 OVIDI
1066 211 1283 248 NASONIS

427 300 487 344 et,
514 301 729 347 tamquam
756 294 888 349 possit
913 294 1042 335 verba
1067 294 1244 343 referre,
1270 308 1435 361 queror:

367 365 442 406 pei
467 351 626 392 reditus
652 365 890 416 corpusque
916 359 1055 399 tuum,
1082 366 1176 393 mea
1201 352 1394 402 numina,
1419 353 1526 403 iuro,

423 421 582 461 perque
608 421 730 461 pares
755 407 884 448 ammi
911 408 1180 462 coniugiique
1206 407 1333 457 faces,

365 478 545 518 perque,
570 464 686 517 quod
710 471 756 505 ut
781 464 948 506 videam
974 465 1089 505 canis
1115 465 1255 506 albere
1281 465 1456 520 capillis,

279 535 341 564 100
423 534 521 560 mox
547 527 685 561 tutum
711 521 846 575 possis
871 521 960 576 ipse
986 521 1163 571 referre,
1191 529 1332 576 caput,

366 591 432 618 me
459 576 534 617 tibi
561 585 783 618 venturam
809 578 1024 627 comitem,
1051 592 1318 632 quocumque
1344 580 1521 630 vocaris,

423 633 510 675 sive
535 657 592 663 —
616 634 729 688 quod
754 634 877 689 (heu)
903 635 1049 684 timeo,
1075 635 1162 677 sive
1189 644 1400 690 superstes
1426 636 1520 678 eris.

365 690 514 732 ultima
539 691 738 732 mandato
764 691 984 733 claudetur
1009 692 1190 747 epistula
1214 706 1367 746 parvo:

422 747 475 788 sit
499 747 574 788 tibi
601 762 702 789 cura
727 749 828 798 mei,
855 749 907 790 sit
933 749 1007 790 tibi
1035 764 1135 790 cura
1160 748 1240 790 tui!

989 849 1117 892 XIV.

363 915 498 957 Mittit
512 917 819 972 Hypermestra
840 918 891 959 de
912 925 972 959 tot
987 918 1110 959 modo
1126 918 1326 960 fratribus
1348 919 1438 960 uni:
1492 930 1739 973 Hypermestra

421 982 559 1014 cetera
584 984 810 1029 nuptarum
836 975 1006 1016 crimine
1033 974 1157 1016 turba
1181 975 1302 1016 iacet.
1541 976 1690 1019 Lynceo.

364 1029 508 1071 clausa
533 1030 659 1071 domo
685 1040 829 1072 teneor
853 1031 1142 1086 gravibusque
1168 1031 1350 1073 coercita
1374 1032 1542 1074 vinclis:

421 1097 484 1127 est
509 1087 611 1128 mihi
637 1087 832 1142 supplicii
858 1103 1005 1136 causa,
1032 1088 1162 1129 fuisse
1187 1089 1316 1143 piam.

318 1159 337 1187 5
364 1144 478 1197 quod
503 1159 653 1186 manus
680 1144 871 1185 extimuit
897 1145 1043 1198 iugulo
1071 1144 1289 1186 demittere
1316 1144 1489 1195 ferrum,

421 1215 514 1241 sum
540 1216 630 1250 rea3
657 1201 867 1250 laudarer,
894 1202 928 1242 si
954 1201 1090 1242 scelus
1117 1216 1221 1242 ausa
1245 1201 1392 1243 forem.

363 1271 453 1298 esse
478 1272 593 1299 ream
620 1265 826 1313 praestat,
854 1273 981 1312 quam
1008 1259 1067 1299 sic
1092 1258 1302 1312 placuisse
1327 1259 1507 1313 parenti.

418 1328 504 1355 non
528 1316 646 1370 piget
669 1315 864 1356 inmunes
891 1315 1030 1356 caedis
1056 1315 1213 1357 habere
1239 1330 1403 1356 manus.

360 1385 428 1412 me
454 1380 572 1425 pater
596 1372 695 1427 igne
720 1371 835 1422 licet,
862 1387 987 1426 quem
1013 1387 1097 1413 non
1124 1372 1393 1421 violavimus,
1421 1380 1530 1422 urat,

295 1441 337 1471 10
420 1441 614 1481 quaeque
640 1429 816 1470 aderant
841 1429 990 1478 sacris,
1017 1429 1163 1470 tendat
1188 1429 1230 1470 in
1255 1443 1329 1470 ora
1353 1429 1482 1478 faces,

362 1491 436 1524 aut
460 1484 531 1525 illo
557 1485 741 1540 iugulet,
768 1499 895 1538 quem
919 1500 1005 1526 non
1031 1486 1139 1527 bene
1165 1486 1337 1527 tradidit
1361 1501 1518 1535 ensem,

418 1547 465 1581 ut
490 1555 575 1594 qua
599 1556 685 1582 non
711 1542 862 1583 cecidit
886 1543 950 1583 vir
974 1557 1096 1590 nece,
1122 1550 1256 1597 nupta
1281 1543 1449 1583 cadam:

359 1611 445 1639 non
471 1604 632 1648 tamen,
657 1605 704 1639 ut
730 1599 873 1640 dicant
897 1599 1119 1640 morientia
1145 1599 1369 1654 ‘paenitet'
1396 1613 1483 1648 ora,

417 1654 586 1697 efficiet.
646 1669 732 1696 non
757 1663 839 1705 est,
864 1669 993 1709 quam
1018 1656 1136 1711 piget
1160 1670 1251 1697 esse
1276 1656 1404 1711 piam.

293 1723 333 1754 15
358 1712 573 1766 paeniteat
597 1713 766 1754 sceleris
790 1712 993 1754 Danaum
1019 1726 1251 1767 saevasque
1277 1727 1439 1754 sorores
1449 1729 1460 1761 ;

416 1767 484 1809 hic
510 1769 615 1810 solet
640 1777 816 1811 eventus
842 1770 955 1812 facta
979 1770 1165 1811 nefanda
1191 1770 1322 1823 sequi.

359 1839 432 1866 eor
455 1834 582 1880 pavet
607 1827 826 1867 admonitu
851 1834 1080 1868 temeratae
1105 1827 1313 1880 sanguine
1338 1826 1486 1875 noctis,

417 1889 458 1923 et
483 1882 646 1923 subitus
673 1883 846 1924 dextrae
871 1883 1093 1938 praepedit
1118 1898 1213 1924 orsa
1238 1890 1406 1924 tr·.e1n01

360 1952 488 1993 quam
514 1946 560 1980 tu
586 1940 715 1981 caede
740 1947 863 1994 putes
888 1940 1011 1994 fungi
1037 1939 1225 1995 potuisse
1250 1939 1402 1989 mariti,

291 2008 334 2039 20
419 1996 603 2037 scribere
629 1997 681 2038 de
706 1997 820 2038 facta
844 2011 929 2037 non
955 1997 1034 2037 sibi
1060 1997 1189 2038 caede
1215 1997 1347 2037 timet.

359 2052 452 2094 sed
459 2060 600 2094 tamen
626 2054 831 2109 experiar.
891 2054 1017 2094 modo
1043 2054 1157 2095 facta
1182 2053 1430 2108 crepuscula
1456 2053 1590 2102 terris,

416 2110 564 2150 ultima
588 2125 685 2165 pars
711 2111 816 2152 lucis
841 2111 1062 2166 primaque
1086 2110 1220 2152 noetis
1247 2117 1354 2152 erat:

360 2166 555 2208 ducimur
579 2166 804 2209 Inachides
830 2168 974 2221 magni
1000 2167 1078 2208 sub
1104 2176 1215 2209 tecta
1238 2166 1425 2223 Pelasgi,

417 2230 458 2264 et
482 2237 601 2265 socer
625 2232 807 2266 armatas
833 2224 983 2279 accipit
1008 2224 1099 2280 ipse
1123 2239 1269 2265 nurus.

291 2292 332 2323 25
358 2279 547 2334 undique
573 2281 797 2323 conlucent
819 2281 1087 2336 praecinctae
1111 2280 1329 2335 lampades
1355 2294 1476 2321 aurzo

415 2337 604 2378 dantur
594 2353 637 2379 m
661 2338 814 2380 invitos
840 2338 970 2393 impia
995 2345 1090 2379 tura
1114 2338 1250 2379 focos:

357 2394 511 2449 vulgus
537 2394 744 2449 ‘Hymen‚
770 2394 1038 2450 Hymenaee’
1065 2402 1230 2436 vocant.
1292 2393 1404 2449 fugit
1429 2393 1498 2434 ille
1521 2393 1728 2435 vocantis:

413 2450 508 2505 ipsa
537 2451 652 2493 Iovis
678 2453 862 2493 coniunx
887 2451 1011 2494 cessit
1035 2452 1088 2493 ab
1114 2451 1218 2492 urbe
1244 2466 1334 2492 sua.

359 2521 456 2548 ecce
480 2522 596 2549 mero
623 2509 759 2558 dubii,
785 2509 987 2551 comitum
1013 2509 1197 2550 clamore
1221 2507 1478 2562 siequentes‚

289 2576 332 2607 30
415 2563 516 2605 flore
541 2579 652 2607 novo
677 2566 868 2608 madidas
894 2565 1149 2621 impediente
1174 2579 1330 2613 comas,

357 2619 400 2660 in
426 2620 634 2664 thalamos
658 2623 758 2665 laeti
781 2647 839 2653 -—
862 2623 1092 2672 thalamos,
1118 2637 1194 2663 sua
1220 2620 1363 2663 busta!
1389 2645 1444 2650 ——-
1469 2620 1677 2668 feruntur,

416 2684 631 2732 strataque
657 2679 926 2744 emporibus,
950 2680 1099 2721 funere
1126 2679 1274 2733 digna,
1299 2685 1510 2733 premunt.

356 2732 526 2788 iamque
552 2735 645 2778 cibo
671 2736 906 2791 vinoquee,
882 2751 984 2777 ‹rrav
988 2752 1031 2778 es
1058 2749 1288 2789 somnoque
1313 2734 1521 2783 iacebant,
