1831 3168
364 251 447 295 118
821 259 866 294 P.
893 259 1039 296 OVIDI
1064 257 1282 295 NASONIS

841 430 996 465 LIBER
1021 429 1257 466 TERTIUS.

1030 501 1065 542 Ι.

361 570 457 614 Stat
481 578 603 612 vetus
629 577 670 612 et
695 570 850 611 multos
874 569 1083 611 incaedua
1108 570 1214 611 silva
1237 584 1312 625 per
1337 584 1487 611 annos:

418 627 618 670 credibile
644 635 707 669 est
730 627 791 668 illi
816 641 974 668 numen
999 626 1136 669 inesse
1162 627 1268 668 loco.

359 686 454 727 fons
481 699 600 727 sacer
623 685 667 726 in
691 684 832 727 medio
858 684 1146 740 speluncaque
1172 685 1339 740 pumice
1365 683 1570 740 pendens,

418 750 459 785 et
483 743 612 784 latere
640 757 691 784 ex
717 741 832 783 omni
857 741 980 783 dulce
1007 750 1243 796 queruntur
1267 757 1380 784 aves.

314 813 333 843 5
359 800 427 842 hio
454 815 533 855 ego
559 799 660 841 dum
685 799 844 855 spatior
868 806 1004 840 tectus
1031 799 1316 841 nemoralibus
1342 798 1518 847 umbris,

416 857 531 912 quod
556 872 669 906 mea,
696 856 975 911 quaerebam,
1001 857 1131 898 Musa
1155 864 1344 899 moveret
1369 870 1489 911 opus.

360 915 474 957 venit
502 914 697 956 odoratos
723 913 901 969 Elegeia
925 929 1036 955 nexa
1061 914 1249 968 capillos,

417 980 475 1021 et,
500 978 622 1027 puto,
649 986 723 1026 pes
748 950 830 1012 illio
832 971 997 1025 longior
1023 971 1128 1012 alter
1153 978 1255 1012 crat.

360 1028 496 1070 forma
522 1029 696 1077 decens,
722 1028 850 1069 vestis
877 1027 1143 1077 tenuissima,
1169 1026 1310 1069 vultus
1336 1026 1530 1076 amantis,

293 1099 334 1131 10
418 1094 456 1128 et
482 1085 662 1141 pedibus
688 1085 838 1126 vitium
863 1100 992 1126 causa
1017 1084 1179 1127 decoris
1204 1092 1306 1127 erat.

360 1143 474 1185 venit
499 1151 540 1185 et
564 1143 725 1198 ingenti
750 1142 935 1184 violenta
960 1142 1202 1197 Tragoedia
1226 1157 1373 1197 passu:

417 1200 555 1242 fronte
581 1214 727 1241 comae
752 1207 891 1249 torva,
917 1200 1031 1255 palla
1055 1199 1220 1241 iacebat
1245 1199 1382 1240 humi:

358 1258 480 1300 laeva
506 1272 656 1299 manus
681 1264 894 1312 sceptrum
918 1258 1001 1299 late
1027 1257 1169 1312 regale
1196 1257 1408 1304 movebat,

416 1314 583 1370 Lydius
609 1314 694 1356 alta
717 1314 874 1369 pedum
901 1315 1040 1355 vincla
1066 1313 1297 1355 cothurnus
1323 1322 1431 1355 erat:

293 1385 333 1416 15
361 1380 400 1413 et
424 1372 539 1427 prior
564 1371 729 1426 ‘ecquis
755 1371 850 1413 erit’
879 1371 983 1412 dixit
1009 1371 1104 1412 ‘tibi
1129 1370 1224 1413 finis
1250 1370 1433 1419 amandi,

417 1443 440 1470 ο
468 1429 706 1484 argumenti
730 1428 842 1470 lente
868 1436 995 1484 poeta
1020 1428 1106 1469 tui?

359 1486 592 1540 nequitiam
616 1485 764 1527 vinosa
789 1492 905 1527 tuam
932 1485 1126 1527 convivia
1151 1492 1336 1534 narrant,

416 1551 588 1585 narrant
612 1543 655 1584 in
681 1543 835 1584 multas
861 1543 1045 1598 compita
1070 1550 1185 1584 secta
1209 1543 1312 1584 vias.

359 1615 486 1655 saepe
512 1599 663 1654 aliquis
690 1600 823 1655 digito
849 1608 990 1641 vatem
1017 1600 1210 1655 designat
1236 1606 1406 1641 euntem
1428 1608 1432 1612 ’

291 1671 334 1702 ‘20
417 1667 543 1712 atque
570 1657 628 1699 ait
653 1657 773 1705 “hic,
799 1656 868 1698 hie
893 1665 974 1706 est,
1001 1671 1129 1711 quem
1154 1657 1270 1699 ferus
1295 1657 1379 1698 urit
1404 1656 1582 1698 Amor.”

359 1714 505 1756 fabula
528 1739 586 1744 ——
608 1729 687 1756 nec
713 1714 868 1756 sentis?
892 1739 948 1744 —-
973 1721 1061 1756 tota
1085 1714 1254 1756 iactaris
1280 1715 1324 1755 in
1349 1713 1467 1763 urbe,

417 1771 517 1813 dum
542 1779 615 1813 tua
639 1772 866 1827 praeterito
892 1771 1005 1814 facta
1030 1772 1190 1828 pudore
1216 1771 1361 1814 refers.

360 1836 527 1884 tempus
553 1836 642 1871 erat
667 1829 812 1884 thyrso
837 1830 1008 1884 pulsum
1033 1829 1228 1885 graviore
1254 1828 1427 1871 moveri.

418 1893 627 1928 cessatum
653 1887 754 1927 satis
780 1895 860 1928 est:
888 1886 1025 1941 incipe
1051 1887 1187 1928 maius
1214 1886 1340 1942 opus!

293 1957 332 1987 25
358 1943 536 1984 materia
560 1943 716 1998 premis
742 1943 981 1997 ingenium:
1009 1958 1112 1985 cane
1139 1944 1253 1984 facta
1278 1943 1483 1985 virorum:

416 1999 556 2041 “haec
582 2000 757 2040 animo''
785 2000 897 2042 dices
925 2004 1058 2041 “area
1083 2000 1196 2041 facta
1221 2015 1314 2041 meo
1341 2000 1443 2041 est.”

358 2057 473 2109 quod
499 2064 667 2098 tenerae
693 2064 883 2105 cantent,
909 2057 1009 2098 lusit
1033 2064 1107 2098 tua
1132 2057 1280 2106 Musa,
1306 2057 1486 2112 puellae,

415 2113 636 2168 primaque
661 2128 737 2168 per
761 2128 959 2155 numeros
986 2121 1081 2155 acta
1105 2114 1278 2155 iuventa
1304 2129 1415 2155 suos.

358 2185 471 2212 nunc
496 2170 678 2212 habeam
703 2185 779 2226 per
803 2178 843 2212 te
868 2171 1063 2212 Romana
1087 2171 1329 2226 Tragoedia
1354 2186 1527 2213 nomen:

290 2241 333 2273 30
414 2227 607 2282 implebit
632 2228 748 2283 leges
775 2228 946 2283 spiritus
972 2228 1051 2269 iste
1076 2228 1221 2269 meas.’

357 2283 575 2326 hactenus.
638 2293 677 2327 et
703 2286 836 2326 movit
861 2285 985 2340 pictis
1011 2286 1156 2327 innixa
1181 2285 1397 2327 cothurnis

414 2342 592 2384 densum
618 2342 802 2384 caesarie
827 2350 974 2397 terque
1001 2350 1233 2397 quaterque
1259 2351 1399 2398 caput.

357 2399 508 2449 altera,
535 2399 569 2440 si
594 2399 788 2449 memini,
814 2400 925 2441 limis
952 2400 1122 2441 subrisit
1148 2400 1303 2441 ocellis.

413 2456 550 2505 fallor,
577 2472 630 2497 an
655 2456 698 2497 in
724 2456 873 2498 dextra
898 2464 1063 2511 myrtea
1087 2457 1209 2511 virga
1233 2457 1340 2499 fuit?

289 2526 329 2557 35
358 2512 530 2568 ‘quido
506 2513 707 2555 gravibus
733 2514 891 2564 verbis,
919 2514 1109 2555 animosa
1134 2513 1408 2570 Tragoedia‚’
1435 2513 1541 2554 dixit

414 2575 500 2611 ‘me
504 2549 708 2625 Opremis‘?
745 2587 799 2612 an
823 2585 1058 2625 numquam
1083 2586 1168 2612 non
1192 2571 1335 2626 gravis
1361 2585 1452 2613 esse
1477 2570 1624 2626 potes?

355 2626 573 2681 inparibus
600 2635 741 2669 tamen
767 2643 810 2670 es
836 2628 1022 2670 nume1is
1049 2629 1224 2684 dignata
1248 2643 1345 2670 mov
1350 2628 1427 2670 eri:

413 2684 455 2724 in
480 2699 547 2725 mc
572 2699 690 2739 pugn
695 2685 772 2726 asti
798 2686 990 2727 versibus
1015 2701 1093 2727 usa
1118 2686 1235 2727 meis.

356 2754 440 2781 non
466 2755 546 2794 ego
572 2742 820 2783 contulerim
847 2742 1044 2784 sublimia
1070 2742 1258 2785 carmina
1283 2741 1455 2784 nostris:

287 2809 331 2840 40
415 2797 551 2837 obruit
579 2798 754 2852 exiguas
780 2799 897 2854 regia
923 2807 1062 2841 vestra
1087 2800 1211 2841 sores.
