1831 3168
511 255 784 292 HEROIDL'M
809 255 894 290 XII.
923 256 1092 292 68—155.

175 347 220 380 ut
246 337 350 379 solet
377 336 527 378 adfuso
554 351 727 392 surgere
753 338 922 378 flamma
946 352 1075 380 mero.

115 395 285 450 quando
312 408 412 449 ego,
439 403 479 435 te
505 394 704 435 reducem
730 395 894 448 cupidis
920 394 1115 449 amplexa
1139 394 1320 443 lacertis,

171 451 374 507 languida
399 450 558 492 laetitia
582 451 722 491 solvar
747 451 800 491 ab
825 452 916 505 ipsa
941 452 1061 492 mea?

116 509 286 563 quando
313 508 409 556 crit,
435 515 483 548 ut
507 507 615 548 lecto
642 522 807 548 mecum
835 508 939 549 bene
965 508 1132 549 iunctus
1158 508 1200 549 in
1229 522 1314 549 uno

173 565 345 606 militiae
371 564 528 605 referas
554 564 775 618 splendida
801 564 914 605 facta
938 565 1060 605 tuae?

117 636 226 676 quae
252 621 354 662 mihi
380 622 480 662 dum
507 621 682 668 reseres,
709 621 902 673 quamvis
928 621 1074 661 audire
1099 621 1274 670 iuvabit,

173 679 305 719 multa
330 687 471 718 tamen
497 676 634 731 rapies
661 676 822 725 oscula,
849 677 980 716 multa
1005 677 1137 717 dabis.

117 749 283 788 semper
308 734 350 774 in
376 734 439 774 his
465 741 561 787 apte
586 733 799 773 nairantia
825 732 955 773 verba
979 733 1198 774 resistunt:

173 790 406 845 promptior
431 800 493 830 est
519 788 631 829 dulci
656 788 802 843 lingua
827 788 984 830 referre
1009 803 1139 830 mora.

115 848 190 889 sed
216 862 312 888 cum
337 845 466 887 Troia
491 845 625 894 subit,
652 844 835 886 subeunt
859 845 1058 898 ventique
1083 846 1337 901 fletumque,

172 918 268 958 spes
295 903 406 943 bona
432 901 634 943 sollicitae
660 901 772 942 victa
797 901 946 942 timoie
972 901 1096 943 cadit.

115 960 196 1001 hoc
221 973 409 1014 quoque,
437 957 549 1012 quod
577 958 691 999 venti
716 957 942 1013 prohibent
965 958 1080 999 exire
1105 959 1282 1010 carinas,

171 1031 238 1058 me
264 1024 423 1057 movet:
450 1015 592 1056 invitis
617 1015 677 1056 ire
702 1015 858 1070 paratis
884 1015 1017 1069 aquis

113 1073 208 1127 quis
235 1073 369 1115 velit'
359 1088 402 1113 m
427 1072 607 1127 patriam
631 1080 757 1112 vento
782 1071 1031 1126 prohibente
1055 1073 1235 1114 reverti?

172 1145 196 1170 a
220 1130 356 1185 patria
381 1130 533 1185 pelago
559 1128 653 1170 vela
678 1137 847 1170 vetante
872 1128 1000 1170 datis!

113 1187 204 1241 ipse
231 1201 350 1227 suam
375 1200 461 1227 non
485 1185 660 1240 praebet
682 1185 761 1227 iter
785 1185 1013 1240 Neptunus
1039 1185 1093 1226 ad
1117 1186 1281 1229 urbem.

171 1257 255 1296 quo
280 1243 426 1284 ruitis?
462 1250 623 1283 vestras
649 1242 827 1296 quisque
852 1242 985 1285 redite
1010 1242 1177 1285 domos!

114 1314 198 1353 quo
223 1299 364 1348 ruitis,
390 1299 560 1340 Danai?
597 1307 745 1340 ventos
772 1299 914 1340 audite
940 1299 1140 1341 vetantis!

169 1371 254 1397 non
281 1356 408 1398 subiti
433 1370 575 1405 casus,
601 1356 785 1397 numinis
810 1356 890 1397 ista
914 1370 1033 1398 mora
1058 1365 1132 1398 est.

110 1413 214 1467 quid
239 1413 395 1468 petitur
420 1421 535 1454 tanto
560 1412 640 1454 nisi
666 1413 799 1468 turpis
826 1413 1018 1454 adultera
1041 1413 1180 1455 bello?

170 1470 271 1511 dum
295 1470 412 1519 licet,
438 1469 639 1511 Inachiae
665 1470 814 1511 vertite
840 1470 934 1511 vela
958 1470 1089 1511 rates!

113 1527 187 1568 sed
213 1527 315 1581 quid
339 1527 448 1582 ago?
483 1527 663 1568 revoco?
698 1526 976 1568 revocaminis
1003 1541 1128 1568 omen
1153 1527 1313 1577 abesto,

170 1584 410 1648 blanda-que
437 1584 691 1638 compositas
717 1599 820 1624 aura
845 1583 1049 1625 secundet
1074 1597 1219 1637 aquas.

113 1640 328 1681 Troasin'
318 1655 388 1681 im
380 1640 506 1689 ideo
534 1640 726 1693 quamvis
751 1641 974 1681 lacrimosa
999 1655 1173 1681 suorum

169 1697 319 1738 lunera
345 1697 623 1751 conspicient,
648 1711 727 1738 nec
752 1697 899 1751 plocul
925 1696 1057 1738 hostis
1084 1697 1180 1738 erit:

111 1753 202 1808 ipsa
228 1753 314 1794 suis
341 1754 537 1794 manibus
563 1753 661 1794 forti
687 1768 798 1794 nova
823 1762 956 1808 nupta
981 1754 1131 1794 marito

167 1810 353 1865 imponet
378 1811 544 1865 galeam
570 1810 834 1863 barbaraque
860 1825 977 1850 arma
1002 1811 1130 1851 dabit.

1433 248 1487 290 47

1515 522 1577 552 115

1514 804 1577 834 120

1515 1088 1578 1118 125

1516 1371 1582 1401 130

1515 1655 1577 1685 135

110 1882 229 1907 arma
254 1866 390 1916 dabit,
417 1867 603 1920 dumque
629 1882 746 1907 arma
771 1867 909 1915 dabit,
935 1867 1060 1908 simul
1086 1869 1230 1908 oscula
1257 1874 1395 1908 sumet
1417 1890 1476 1898 —-

167 1924 248 1965 hoc
271 1938 406 1979 genus
431 1924 561 1965 officii
585 1924 708 1964 dulce
735 1924 901 1964 duobus
926 1924 1004 1964 erit
1027 1948 1084 1953 ——

110 1981 402 2035 producetque
428 1980 586 2030 virum,
613 1980 728 2021 dabit
755 1989 796 2022 et
820 1980 1020 2021 mandata
1045 1981 1212 2031 reverti,

169 2046 210 2078 et
235 2037 346 2078 dicet
374 2037 554 2079 ‘referas
580 2037 659 2078 ista
684 2037 753 2079 fac
778 2052 895 2078 arma
920 2037 1050 2079 Iovil'

111 2094 180 2135 ille
206 2094 345 2136 ferens
372 2094 567 2136 dominae
591 2094 792 2136 mandata
816 2095 1002 2136 recentia
1027 2104 1173 2137 seeum

169 2151 377 2206 pugnabit
403 2160 523 2192 caute
549 2151 829 2206 respicietque
855 2151 1041 2193 domum.

111 2218 238 2249 exuet
262 2208 367 2249 haec
391 2208 537 2250 reduci
562 2209 743 2264 clipeum
769 2209 1020 2263 galeamque
1045 2209 1229 2252 resolvet

169 2264 434 2320 excipietque
461 2280 537 2306 suo
563 2279 740 2320 corpora
763 2266 875 2306 lassa
900 2265 1007 2306 sinu.

111 2335 189 2362 nos
215 2336 360 2362 sumus
385 2322 589 2372 incertae3
617 2337 693 2363 nos
719 2322 869 2363 anxius
895 2322 1036 2363 omnia
1062 2322 1188 2378 cogit,

170 2391 279 2431 quae
304 2387 481 2432 possunt
506 2379 616 2428 fieri,
642 2379 755 2419 facta
780 2388 928 2434 putare
954 2379 1090 2419 timor.

113 2434 216 2475 dum
241 2442 383 2475 tamen
409 2450 525 2475 arma
549 2450 671 2489 geres
697 2435 862 2475 diverso
888 2435 1043 2476 miles
1033 2451 1076 2475 111
1101 2435 1217 2484 orbe,

171 2504 281 2544 quae
306 2490 461 2531 referat
485 2492 622 2532 vultus
649 2499 712 2532 est
735 2491 837 2531 mihi
865 2505 960 2532 cera
983 2500 1092 2533 tuos.

113 2547 174 2588 illi
201 2546 443 2596 blanditias,
469 2547 529 2588 illi
554 2547 630 2588 tibi
655 2548 796 2588 debita
822 2548 951 2589 verba

172 2603 370 2652 dicimus,
397 2604 616 2659 amplexus
642 2604 791 2659 accipit
816 2605 888 2645 illa
913 2619 1040 2646 meos.

114 2660 239 2702 crede
264 2660 385 2709 mihi,
412 2660 507 2715 plus
533 2669 615 2710 est,
641 2675 769 2716 quam
793 2661 906 2715 quod
931 2661 1176 2710 videatur,'
1163 2677 1325 2718 imago:

172 2716 280 2759 adde
306 2731 455 2758 sonum
482 2732 602 2760 cerae
625 2742 682 2748 —
705 2718 968 2759 Protesilaus
994 2719 1084 2760 erit.

115 2772 224 2816 hanc
249 2782 392 2830 specto
417 2775 744 2830 teneoquffisinu
768 2790 845 2831 pro
871 2775 1050 2832 coniuge
1076 2789 1190 2826 vero,

1513 1939 1583 1971 140

1514 2224 1578 2253 145

1515 2507 1580 2538 150

1512 2791 1579 2821 155
