1831 3168
435 269 640 315 POETAE
666 270 902 306 OVIDIANI
929 269 1078 308 NUCIS
1105 270 1226 305 1—63.

203 352 419 406 coepimus
445 352 488 392 in
513 352 678 407 patulas
702 352 917 394 luxuriare
943 366 1098 394 comas.

144 423 258 450 nunc
283 421 420 462 neque
447 409 669 450 continuos
695 418 926 450 nascuntur
951 424 1078 464 poma
1103 424 1178 464 per
1203 423 1348 457 annOS,

203 480 370 518 uvaque
396 465 510 506 laesa
536 465 708 507 domum
732 467 930 520 laesaque
958 467 1086 507 bacca
1111 466 1239 506 venit.

146 536 258 563 nunc
282 530 449 563 uterum
476 522 612 570 vitiat,
639 537 747 576 quae
775 523 863 563 vult
889 522 1074 564 formosa
1099 522 1247 571 videri,

203 593 381 632 raraque
406 578 449 619 in
474 578 554 620 1100
580 594 684 620 aevo
709 588 791 628 est,
817 594 926 644 quae
952 579 1051 621 velit
1077 594 1168 621 esse
1194 593 1358 634 parcns.

146 644 257 677 certe
283 649 382 689 e‹r0‚
409 635 442 676 si
469 650 700 690 numquam
725 636 1001 691 peperissem,
1027 636 1155 676 tutior
1180 650 1333 677 0550111·

202 692 281 732 ista
308 690 616 746 Clytaemestra
642 693 770 747 digna
795 693 982 746 querella.
1006 692 1098 733 fuit.

145 748 179 789 si
206 749 309 790 sciat
334 748 414 790 1100
440 749 553 798 vitis,
580 759 800 791 nascentes
826 749 1058 804 supprimet
1084 764 1207 789 uvas:

203 805 409 859 orbaque,
437 805 470 846 si
496 806 599 847 sciat
625 805 722 855 1100,
746 805 936 847 Palladis
962 805 1086 846 arbor
1111 806 1202 847 erit.

145 862 225 904 1100
251 863 292 903 111
319 862 509 903 notitiam
536 862 675 904 veniat
700 863 896 916 maloque
921 862 1116 918 piroque:

203 919 427 960 destituent
455 919 580 960 silvas
607 929 784 973 utraque
809 934 934 974 poma
959 935 1070 961 suas-

149 974 362 1031 [quaeque
388 976 467 1016 sibi
493 991 518 1016 v
523 977 608 1017 ι1110
635 977 854 1031 distinguit
880 991 1005 1041 poma
1030 974 1201 1041 colore,]

204 1033 346 1074 audiat
372 1033 452 1074 hoc
478 1048 666 1074 cerasus·
694 1034 822 1088 stipes
847 1033 983 1074 inanis
1009 1033 1100 1075 erit.

145 1104 229 1131 non
255 1089 451 1143 equidem
476 1090 664 1132 invideo:
691 1090 898 1144 numquid
923 1099 1064 1131 tamen
1090 1090 1176 1131 ulla
1200 1088 1363 1138 feritur,

202 1160 311 1200 quae
338 1146 488 1187 sterilis
515 1147 603 1188 sola
629 1147 927 1202 conspicienda
952 1162 1072 1188 coma
1098 1147 1186 1188 est?

145 1203 300 1245 cernite
325 1203 510 1245 sinceros
536 1218 681 1245 omnes
707 1219 758 1245 ex
784 1204 929 1245 ordine
956 1211 1140 1252 truncos,

201 1260 273 1314 qui
298 1260 424 1301 modo
449 1260 526 1309 nil,
553 1274 682 1314 quare
708 1261 1010 1315 percutiantur,
1035 1260 1206 1302 habent.

145 1324 184 1358 at
211 1317 313 1357 mihi
339 1332 465 1358 saeva
490 1326 640 1358 nocent
666 1317 868 1358 mutilatis
898 1317 1070 1359 vulnera
1094 1317 1235 1366 ramis,

199 1373 398 1427 nudaque
424 1373 586 1415 deiecto
613 1374 764 1416 cortice
789 1374 906 1429 ligna
929 1382 1088 1429 patent.

142 1445 227 1472 non
253 1430 395 1471 odium
421 1431 522 1471 facit
546 1430 645 1480 hoc,
672 1431 747 1472 sed
773 1446 867 1486 spes
894 1431 1067 1472 inducta
1090 1431 1276 1486 rapinae.

200 1487 433 1528 sustineant
458 1488 563 1529 aliae
588 1502 732 1542 poma:
760 1496 989 1542 querentur
1013 1488 1138 1529 idem.

144 1544 202 1585 sic
228 1559 325 1585 reus
350 1544 418 1585 1110
444 1544 532 1585 fere
564 1555 645 1594 est,
672 1545 723 1586 de
750 1559 834 1597 quo
860 1545 1036 1586 victoria
1061 1546 1178 1586 lucro

201 1616 291 1642 esse
317 1609 474 1655 potest:
501 1600 636 1656 inopis
663 1601 827 1642 vindice
854 1601 966 1642 facta
992 1610 1148 1643 carent.

143 1657 202 1699 510
228 1657 345 1699 timet
370 1657 564 1706 insidias,
591 1658 663 1711 qui
689 1658 766 1699 scit
791 1673 836 1699 se
861 1658 970 1699 ferre
997 1658 1145 1707 viator,

201 1729 276 1755 cur
300 1715 462 1755 timeat:
489 1724 627 1755 tutum
653 1714 786 1770 carpit
810 1715 945 1756 inanis
971 1715 1061 1756 iter.

143 1771 202 1813 510
228 1785 307 1826 ego
333 1771 422 1811 sola.
446 1779 588 1836 petor,
611 1771 687 1812 soli
713 1771 812 1825 quia
838 1786 966 1812 causa
991 1771 1161 1826 petendi
1187 1778 1269 1813 est:

199 1827 421 1869 frondibus
446 1828 613 1869 intactis
638 1836 778 1870 cetera
803 1828 927 1869 turba
951 1829 1070 1870 viret.

142 1900 240 1925 nam
265 1884 380 1939 quod
404 1884 562 1926 habent
586 1885 758 1927 frutices
784 1885 854 1926 alii
880 1899 1049 1939 quoque
1074 1885 1268 1940 proxima
1291 1883 1416 1926 nobis

199 1941 429 1996 fragmina,
456 1956 565 1995 quae
590 1942 705 1983 laeso
730 1942 886 1983 vimine
911 1943 1045 1983 multa
1069 1943 1224 1983 iacent:

142 2013 225 2039 non
250 1998 340 2039 istis
365 2013 442 2039 sua
466 1999 579 2040 facta
603 2007 776 2048 nocent3
803 1999 954 2040 vicinia
981 1999 1134 2040 damno
1161 2006 1236 2040 est.

200 2055 414 2110 excipiunt
438 2054 525 2096 ictu
551 2070 653 2097 saxa
677 2056 846 2111 repulsa
870 2070 978 2097 meo.

141 2112 269 2166 idque
294 2112 377 2153 fide
403 2121 563 2161 careat,
590 2113 625 2153 si
649 2127 752 2161 non,
779 2127 889 2166 quae
914 2113 1082 2168 longius
1109 2112 1278 2162 absunt,

199 2169 390 2209 nativum
414 2169 593 2211 retinent
619 2169 818 2210 inviolata
843 2170 987 2211 decus.

144 2239 266 2280 ergo,
293 2225 328 2265 si
353 2225 539 2280 sapiant,
566 2234 606 2266 et
631 2235 815 2267 mentem
841 2226 971 2267 verba
996 2233 1243 2279 sequantur,

202 2283 438 2323 devoveant
461 2282 633 2323 umbras
658 2282 851 2337 proxima
876 2293 1070 2335 quaeque
1095 2297 1224 2322 meas.

143 2353 271 2393 quam
297 2338 498 2379 miserum
523 2347 604 2386 est,
631 2339 774 2379 odium
800 2338 963 2379 damnis
989 2338 1191 2380 accedere
1216 2339 1382 2387 nostris,

201 2409 352 2449 meque
378 2410 491 2436 ream
518 2395 672 2436 nimiae
697 2395 977 2450 proximitatis
1004 2394 1092 2450 agi!
1117 2418 1176 2423 —

145 2453 240 2501 sed,
266 2460 387 2507 puto,
414 2467 570 2506 magna
594 2467 688 2493 mea
714 2461 776 2493 est
802 2466 980 2507 operoso
1005 2466 1107 2493 cura
1131 2451 1308 2492 colono?

201 2508 412 2558 invenias,
438 2509 511 2562 qui
536 2508 607 2550 det
631 2509 689 2549 nil
715 2508 836 2557 mihi,
864 2517 1030 2564 praeter
1054 2508 1255 2549 humum!

146 2574 297 2621 sponte
323 2580 418 2607 mea
442 2565 577 2606 facilis
604 2574 843 2620 contempto
868 2579 1019 2606 nascor
1042 2565 1085 2606 in
1111 2579 1233 2620 agro:

204 2636 386 2678 parsque
409 2621 510 2671 loci,
536 2636 620 2675 qua
646 2631 728 2670 st0,
753 2622 923 2677 publica
946 2636 1080 2677 paene
1107 2622 1178 2664 via
1203 2629 1277 2663 est.

1436 260 1519 302 221

1547 365 1592 396 20

1546 647 1590 677 25

1543 931 1592 962 30

1548 1215 1591 1245 35

1546 1500 1591 1529 40

1545 1784 1588 1813 43

1546 2069 1591 2098 50

1547 2352 1590 2381 55

1546 2634 1589 2664 60

147 2694 232 2728 me,
259 2687 351 2720 sata
374 2693 427 2720 ne
450 2678 618 2719 laedam
642 2702 698 2708 —
723 2679 923 2732 quoniam
948 2688 1039 2720 sata
1063 2679 1231 2720 laedere
1257 2678 1373 2720 dicor
1395 2701 1454 2708 —

204 2735 314 2776 imus
338 2735 382 2776 in
407 2742 594 2777 extremo
620 2736 808 2790 margine
834 2735 992 2776 fundus
1016 2735 1158 2777 habet.

146 2808 231 2835 non
258 2791 359 2833 mihi
383 2791 469 2833 falx
496 2791 646 2833 nimias
673 2791 872 2834 Saturnia
898 2792 1069 2848 deputat
1095 2792 1289 2842 umbra53
