1831 3168
302 222 386 264 212
759 231 801 265 P.
830 231 975 267 OVlDI
1000 230 1217 267 NASONIS

359 321 403 354 ut
430 313 576 354 melior
601 327 729 354 causa
755 327 883 354 causa
908 312 960 354 sit
986 312 1057 354 illa
1083 320 1168 353 tua.

303 371 373 422 qui
399 370 510 418 silet,
537 377 600 411 est
625 369 783 411 firmus.
845 369 916 424 qui
943 369 1043 410 dicit
1068 369 1201 410 multa
1226 369 1392 424 puellae

357 425 532 480 probra,
558 426 749 468 satisfieri
775 426 958 481 postulat
984 426 1053 468 ille
1079 426 1171 466 sibi.
1197 450 1254 455 —-

301 496 385 524 non
411 497 491 537 ego
517 482 718 524 Dulichio
745 483 906 524 furialis
932 497 1048 525 more
1074 482 1250 537 sagittas

212 554 276 582 700
359 554 436 580 nec
462 547 603 594 raptas
629 540 764 581 ausim
790 540 982 595 tinguere
1007 539 1050 580 in
1076 554 1198 581 amne
1224 539 1352 589 faces,

301 610 377 637 nec
403 610 478 636 nos
503 611 737 652 purpureas
764 597 881 652 pueri
907 596 1191 638 resecabimus
1217 597 1319 645 alas,

357 667 434 694 nec
460 668 579 694 sacer
604 662 692 695 arte
718 669 812 695 mea
837 653 971 695 laxior
996 668 1118 695 arcus
1145 653 1234 695 erit.

301 709 521 751 consilium
547 718 628 760 051,
655 711 953 764 quodcumque
980 725 1097 753 cano.
1158 718 1303 765 parete
1329 710 1515 753 canenti:

357 774 486 820 utque
513 766 637 816 facis,
665 768 843 823 coeptis,
869 767 1045 809 Phoebe
1071 767 1253 816 saluber,
1279 767 1392 809 ades.

212 837 274 866 705
300 822 502 865 Phoebus
529 824 660 866 adest.
722 839 901 866 sonuere
926 825 1065 879 lyrae,
1093 838 1271 866 sonuere
1297 823 1537 879 pharetrae:

358 880 478 935 signa
504 881 629 923 deum
655 896 783 923 nosco
810 897 884 936 per
909 896 1004 922 sua:
1031 880 1234 922 Phoebus
1261 881 1392 922 adest.

300 938 444 978 confer
469 938 714 992 Amyclaeis
739 939 995 980 medicatum
1021 938 1155 979 vellus
1182 937 1297 979 a‘enis

355 994 513 1036 murice
540 1010 636 1036 cum
661 995 811 1050 Tyrio:
839 996 1002 1050 turpius
1028 994 1133 1035 illud
1159 994 1249 1037 erit.

300 1065 373 1091 xos
400 1065 569 1105 quoque
595 1051 790 1093 formosis
816 1061 976 1094 vestras
1003 1052 1190 1093 eonf·e1te
1216 1051 1399 1106 puellas:

209 1121 274 1150 710
356 1107 525 1163 incipiet
553 1108 747 1150 dominae
773 1124 984 1163 quemque
1010 1109 1169 1164 pudere
1195 1124 1310 1151 suae.

298 1172 476 1218 utlaque
502 1165 712 1208 formosae
737 1165 775 1206 P
779 1166 883 1207 aridi
910 1176 1083 1221 potuere
1110 1166 1262 1207 videri:

356 1222 429 1263 sed
455 1221 535 1263 sibi
561 1223 771 1264 conlatam
797 1223 896 1265 vicit
921 1231 1143 1276 utramque
1170 1223 1331 1264 Venus.

298 1292 375 1319 nec
401 1279 534 1319 solam
559 1279 731 1329 faciem,
757 1294 895 1321 mores
921 1293 1090 1333 quoque
1116 1278 1261 1321 confer
1287 1288 1326 1321 et
1352 1286 1481 1321 artes:

356 1344 518 1376 tautum
544 1335 699 1377 iudicio
725 1352 777 1378 ne
804 1345 900 1377 tuus
926 1336 1035 1377 obsit
1061 1350 1190 1376 amor.

209 1404 271 1433 715
299 1391 500 1447 exiguum
527 1400 609 1442 est,
636 1394 750 1447 quod
775 1393 926 1435 deinde
952 1407 1114 1434 canam.
1177 1393 1250 1434 sed
1276 1393 1432 1448 profuit
1459 1392 1564 1434 illud

355 1448 558 1503 exiguum
583 1450 743 1491 multis:
770 1450 812 1490 111
839 1450 992 1504 quibus
1018 1450 1108 1504 ipse
1133 1449 1207 1489 fui.

297 1505 452 1560 scripta
477 1520 578 1547 cave
604 1507 767 1561 relegas
792 1506 973 1548 blandae
999 1514 1165 1548 servata
1193 1506 1378 1560 puellae:

353 1562 581 1604 constantis
607 1563 769 1604 animos
795 1563 950 1618 scripta
974 1563 1130 1604 relecta
1155 1571 1339 1604 movent.

303 1619 442 1659 omnia
467 1634 576 1674 pone
602 1619 734 1668 feros,
762 1620 955 1674 quamvis
980 1620 1157 1669 invitus,
1183 1620 1225 1661 in
1249 1619 1384 1675 ignes,

209 1689 275 1719 720
359 1684 399 1717 et
424 1676 491 1717 dic
517 1677 698 1717 ‘ardoiis
725 1676 777 1718 sit
803 1691 931 1732 rogus
956 1677 1034 1718 iste
1059 1676 1169 1718 mei?

296 1731 492 1774 Thestias
519 1733 737 1775 absentem
764 1734 982 1776 succendit
1006 1733 1145 1789 stipite
1170 1741 1336 1774 natum:

353 1798 399 1830 tu
424 1789 568 1832 timide
594 1791 789 1832 flammae
814 1791 976 1846 perfida
1001 1790 1131 1832 verba
1157 1790 1302 1831 dabis?

295 1846 330 1886 si
355 1854 493 1900 potes,
520 1855 561 1888 et
587 1861 703 1889 ceras
728 1863 912 1889 remove.
973 1847 1109 1901 quid
1099 1847 1284 1901 imagine
1309 1853 1427 1888 muta

354 1903 562 1957 carperis‘?
587 1903 667 1944 hoc
693 1904 816 1958 periit
841 1903 1081 1945 Laudamia
1106 1904 1245 1944 modo.

207 1974 268 2003 :25
297 1966 333 2000 et
361 1959 454 2000 loca
479 1968 596 2000 muta
620 1968 785 2001 11000111.
846 1960 982 2014 fugito
1008 1960 1100 2001 loca
1125 1959 1293 2001 conscia
1319 1959 1446 2001 vestri

353 2015 621 2057 concubitus:
649 2032 798 2057 causas
824 2017 895 2057 illa
921 2016 1074 2057 doloris
1099 2016 1270 2058 habent.

296 2071 382 2112 ·1110
407 2072 504 2120 fuit,
531 2072 598 2113 hic
624 2073 781 2114 cubuit.
843 2073 1026 2114 thalamo
1053 2073 1327 2114 dormivimus
1353 2072 1442 2114 illo:

352 2128 419 2170 hic
444 2129 546 2170 mihi
571 2130 728 2171 lasciva
752 2130 909 2185 gaudia
935 2137 1057 2171 noete
1084 2129 1225 2171 dedit?

295 2185 511 2227 admonitu
537 2186 758 2228 refricatur
782 2201 912 2235 amor,
939 2187 1177 2240 vulnusque
1202 2194 1405 2227 novatum

206 2256 269 2286 730
353 2243 574 2284 scinditur:
602 2243 776 2284 infirmis
802 2258 929 2285 causa
953 2244 1106 2298 pusilla
1130 2250 1265 2285 nocet.

295 2307 338 2340 ut
365 2315 499 2364 paene
525 2300 756 2341 extinctum
784 2301 965 2342 cinerem
992 2301 1025 2341 si
1052 2300 1254 2355 sulphure
1280 2307 1444 2355 tangas,

352 2356 456 2397 vivit
481 2364 523 2398 et
547 2372 570 2399 0
595 2357 768 2398 minimo
793 2357 1004 2398 maximus
1030 2357 1139 2412 ignis
1166 2357 1256 2406 erit,

296 2412 373 2460 sic,
399 2413 479 2454 11151
504 2413 648 2455 vitaris
674 2414 881 2468 quidquid
906 2414 1125 2455 renovabit
1153 2428 1353 2462 amorem,

351 2470 522 2511 flamma
546 2471 835 2520 redardescet,
861 2485 970 2524 quae
997 2471 1121 2511 modo
1147 2471 1263 2512 nulla
1287 2470 1380 2511 fuit.

206 2539 268 2570 735
294 2526 522 2581 Argolides
549 2536 750 2582 cuperent
774 2527 934 2582 fugisse
962 2525 1185 2582 Capharea
1209 2541 1386 2582 puppes,

352 2592 496 2637 teque,
523 2599 652 2626 senex
677 2585 814 2626 luctus
840 2584 1009 2639 ignibus
1035 2585 1121 2626 ulte
1147 2592 1255 2625 tuos.

295 2641 518 2694 praeterita
544 2649 692 2682 cautus
717 2641 890 2682 Nise'i'de
915 2641 1058 2682 navita
1081 2641 1253 2696 gaudet.

351 2705 397 2737 tu
422 2697 513 2738 loca
538 2712 646 2751 quae
672 2697 848 2739 nimium
873 2706 993 2752 grata
1018 2698 1158 2747 fuere,
1184 2711 1300 2739 cave.

291 2752 396 2795 haec
422 2753 497 2794 tibi
523 2754 602 2795 sint
630 2753 797 2810 Syrtes,
823 2754 927 2797 haec
953 2754 1268 2797 Acroceraunia
1291 2752 1395 2796 vita:
