1831 3168
420 286 574 322 ARTIS
597 286 901 322 AMATORIAE
924 286 1021 321 LIB.
1048 286 1077 321 Ι.
1105 285 1272 322 78-165.

221 383 319 423 pars
345 368 474 409 laniat
499 368 653 417 crines,
680 383 775 423 pars
802 367 889 409 sine
915 375 1054 409 mente
1081 367 1216 409 sedet:

165 426 295 466 altera
319 432 479 466 maesta
505 425 615 473 silet,
642 425 796 466 frustra
822 432 944 466 vocat
968 425 1098 466 altera
1122 431 1317 465 matrem:

221 481 326 523 haec
351 481 552 534 queritur,
579 489 717 536 stupet
743 481 866 522 haec:
893 481 996 522 haec
1022 489 1180 529 manet,
1207 481 1278 522 illa
1302 480 1424 535 sugit.

164 538 375 579 ducuntur
398 545 561 592 raptae,
586 538 763 592 genialis
789 538 963 592 praeda,
988 538 1168 592 puellae,

220 601 260 636 et
284 594 421 649 potuit
446 595 596 636 multas
622 595 712 649 ipse
738 594 885 636 decere
911 594 1044 635 timor.

163 651 283 704 siqua
307 651 574 706 lepugnabat
598 651 772 692 nimium
800 651 1078 704 comitemque
1103 650 1300 706 necrabat,

220 707 430 748 sublatam
456 708 607 762 cupido
634 708 697 748 vir
721 708 848 748 tulit
839 722 927 762 ipsc
953 708 1047 748 sinu

163 771 288 817 atque
313 764 371 805 ita
396 764 516 818 ‘quid
543 772 706 806 tenelos
731 764 913 805 la-mimis
938 763 1169 817 corrumpis
1196 762 1374 803 ocellos?

220 820 335 874 quod
359 821 481 862 matli
507 831 625 875 pater
650 829 731 869 est,
757 820 836 861 hoc
861 820 952 861 tibi'
980 820 1119 860 dixit‘
1129 819 1226 860 e10.'

162 836 362 926 Roinule,
389 877 591 918 militibus
617 877 730 919 scisti
755 877 792 918 d
785 892 853 918 are
880 876 1100 918 commoda
1125 874 1256 916 solus!

219 934 323 975 haec
350 909 451 974 inihi
477 935 510 975 si
537 934 701 976 dederis
728 933 965 982 commoda,
991 933 1110 974 miles
1137 946 1221 973 ero.

163 990 322 1032 scilicet
346 1006 398 1032 ex
422 991 493 1032 illo
519 991 736 1032 sollemnia
760 1005 874 1031 more
901 989 1064 1030 theatra

219 1061 332 1088 nunc
356 1061 525 1101 quoque
551 1047 744 1088 formosis
770 1046 968 1088 insidiosa
992 1052 1176 1086 manent.

162 1119 240 1145 nec
265 1111 305 1145 te
329 1104 534 1145 nobilium
559 1104 695 1159 fugiat
721 1110 931 1145 certamen
957 1117 1175 1156 equor.um

219 1160 352 1202 multi
377 1175 511 1215 capax
535 1161 681 1215 populi
706 1159 926 1201 commoda
951 1160 1086 1200 circus
1112 1158 1138 1199 h
1143 1158 1253 1200 ibet

163 1217 221 1258 nil
246 1231 351 1272 opus
377 1226 440 1258 est
465 1217 625 1271 digitis,
652 1231 725 1272 per
750 1231 856 1270 quos
881 1231 1034 1258 aicana
1058 1215 1256 1269 loquaris,

219 1288 297 1315 nec
322 1273 397 1314 tibi
421 1289 495 1328 per
519 1281 646 1314 nutus
673 1273 916 1328 accipienda
941 1280 1040 1314 nota
1065 1282 1144 1314 est:

162 1330 378 1384 proximus
403 1345 429 1371 a
454 1330 640 1378 domina,
665 1330 780 1370 nullo
805 1330 1072 1384 prohibente,
1099 1329 1256 1378 sedem,

218 1386 347 1442 iunge
372 1393 492 1428 tuum
516 1386 636 1428 lateri
661 1400 746 1440 qua
769 1394 888 1442 potes
914 1401 1048 1440 usque
1074 1387 1196 1427 latus.

164 1451 205 1485 et
228 1443 355 1494 bene,
381 1443 495 1496 quod
522 1443 653 1498 cogit,
679 1444 714 1484 si
738 1443 860 1493 nolit,
886 1444 996 1484 linea
1020 1443 1153 1497 iungi,

221 1500 335 1554 quod
360 1500 436 1541 tibi
460 1500 674 1554 tangenda
699 1507 762 1542 est
786 1500 879 1555 lege
905 1500 1047 1554 puella
1071 1500 1164 1540 loci.

163 1556 231 1598 hic
256 1556 333 1597 tibi
357 1564 585 1610 quaeratur
610 1556 711 1598 socii
736 1557 938 1598 sermonis
966 1557 1097 1611 origo,

221 1619 261 1655 et
285 1625 483 1654 moveant
506 1613 662 1667 primos
688 1613 859 1668 publica
883 1613 1013 1654 verba
1039 1627 1175 1653 sonos,

165 1670 283 1711 cuius
310 1669 406 1723 equi
432 1670 618 1719 veniant,
645 1669 791 1718 facito,
819 1670 1022 1718 studiose,
1048 1669 1256 1722 requiras3

220 1741 299 1768 nec
323 1740 460 1767 mora:
487 1726 677 1780 quisquis
703 1726 799 1775 erit,
826 1726 893 1767 cui
922 1726 1036 1767 favet
1061 1726 1149 1774 illa,
1176 1725 1284 1767 fave.

165 1790 207 1824 at
232 1798 328 1825 cum
353 1797 509 1838 pompa
534 1783 730 1836 frequens
757 1783 1013 1824 certantibus
1038 1782 1114 1823 ibit
1140 1782 1326 1837 ephebis,

221 1848 267 1881 tu
292 1839 448 1882 Veneri
474 1839 666 1880 dominae
691 1840 846 1895 plaude
870 1840 1039 1881 favente
1065 1854 1206 1880 manu.

164 1903 294 1950 utque
318 1896 382 1944 fit,
407 1896 450 1937 in
475 1896 684 1949 gremium
709 1896 848 1951 pulvis
874 1897 908 1938 si
933 1896 1039 1937 forte
1064 1896 1229 1951 puellae

221 1952 441 2002 deciderit,
467 1953 608 2008 digitis
634 1952 908 1994 excutiendus
935 1953 1024 1995 erit.

165 2017 205 2052 et
232 2010 266 2051 si
290 2009 430 2050 nullus
456 2010 533 2051 erit
557 2010 715 2064 pulvis,
741 2016 882 2050 tamen
907 2016 1056 2051 excute
1081 2008 1264 2050 nullum:

222 2066 434 2120 quaelibet
459 2066 597 2107 officio
624 2081 751 2108 causa
777 2067 829 2107 sit
853 2074 952 2122 apta
977 2074 1062 2107 tuo.

164 2122 292 2178 pallia
317 2123 352 2164 si
376 2131 486 2164 terra
510 2123 687 2164 nimium
712 2123 895 2164 demissa
919 2123 1130 2171 iacebunt,

222 2179 372 2235 collige
398 2187 438 2220 et
461 2179 665 2221 inmunda
690 2180 860 2221 sedulus
887 2180 989 2222 effer
1014 2180 1156 2220 humo.

166 2235 376 2290 protinus,
403 2235 530 2277 officii
555 2236 757 2291 pretium,
783 2237 966 2291 patiente
993 2236 1134 2290 puella

225 2292 468 2347 contingent
493 2292 623 2333 oculis
650 2307 771 2333 crura
796 2293 978 2333 videnda
1002 2292 1098 2333 tuis.

166 2348 327 2403 respice
352 2356 588 2403 praeterea,
613 2356 708 2403 post
733 2363 807 2389 vos
833 2349 1087 2402 quicumque
1113 2348 1288 2397 sedebit,

225 2419 278 2446 ne
303 2412 465 2460 piemat
490 2405 681 2460 opposito
707 2405 849 2446 mollia
874 2414 992 2459 terga
1016 2420 1142 2459 genu.

167 2476 299 2517 parva
322 2461 426 2503 levis
452 2461 625 2516 capiunt
649 2461 822 2502 animos.
883 2462 961 2502 fuit
988 2461 1090 2502 utile
1115 2461 1270 2509 multis,

224 2518 444 2573 pulvinum
471 2517 584 2558 facili
609 2517 893 2573 composuisse
919 2533 1059 2559 manu.

167 2574 326 2630 profuit
350 2582 391 2616 et
415 2574 531 2616 tenui
557 2582 703 2615 ventos
728 2574 908 2616 movisse
935 2574 1089 2616 tabella

226 2638 266 2673 et
292 2645 396 2672 cava
422 2631 500 2672 sub
526 2638 714 2672 tenerum
742 2646 912 2672 scamna
938 2631 1101 2672 dedisse
1127 2630 1292 2686 pedem.

168 2687 244 2729 hos
270 2688 406 2729 aditus
433 2687 651 2741 circusque
676 2701 786 2728 novo
811 2687 1031 2743 praebebit
1056 2687 1202 2738 amori,

226 2758 455 2799 sparsaque
481 2744 656 2786 sollicito
681 2743 809 2786 tristis
834 2744 992 2786 harena
1016 2743 1122 2785 foro.

167 2801 239 2843 illa
263 2815 389 2856 saepe
414 2815 519 2856 puer
542 2801 721 2844 Veneris
745 2801 951 2856 pugnavit
975 2801 1146 2851 harena,
1249 2854 1295 2889 10

238 2866 314 2895 Ovidi
327 2867 373 2894 rol.
388 2866 413 2894 Ι.

1445 276 1526 319 145

1556 549 1618 578 125

1557 831 1619 862 130

1557 1113 1619 1144 135

1558 1397 1622 1427 140

1558 1680 1621 1711 145

1561 1963 1624 1993 150

1560 2247 1623 2278 1725

1561 2529 1623 2560 160

1558 2812 1624 2844 165
