1831 3168
323 260 404 301 106
781 268 823 301 1'.
853 266 998 302 oleI
1025 263 1243 301 NASONIS

257 366 296 396 15
321 351 482 406 aspice,
542 357 588 391 ut
614 348 775 390 auritus
801 347 1066 390 miserandae
1092 347 1214 389 sortis
1241 347 1396 389 asellus

380 408 556 449 adsiduo
583 406 766 447 domitus
791 405 966 448 verbere
991 406 1130 447 lentus
1155 411 1235 446 eat.

324 480 420 507 ecce
447 479 605 505 novum
633 463 810 505 crimen:
837 463 984 504 sollers
1009 476 1159 503 ornare
1186 459 1391 516 Cypassis

381 521 563 562 obicitur
588 519 782 562 dominae
808 527 1117 561 contemerasse
1142 526 1294 560 torum.

324 579 366 620 di
390 578 560 627 melius,
586 591 716 631 quam
740 592 828 626 me,
855 576 889 618 si
914 576 967 618 sit
991 590 1190 632 peccasse
1215 574 1361 624 libido,

255 650 297 680 20
381 635 551 677 sordida
576 642 842 690 contemptae
868 633 991 675 sortis
1017 633 1154 675 amica
1177 631 1312 674 iuvet!

323 693 416 747 quis
441 691 622 735 Veneris
647 692 833 734 famulae
859 690 1042 733 conubia
1065 690 1173 732 liber
1196 689 1302 731 inire

380 757 586 805 tergaque
613 749 821 804 conplecti
846 748 1021 790 verbere
1047 754 1161 790 secta
1185 746 1312 789 velit?

323 807 431 849 adde
459 807 571 860 quod
597 806 796 848 ornandis
822 806 893 847 illa
919 812 981 848 est
1006 812 1179 860 operata
1202 802 1366 859 capillis

381 872 419 906 et
446 864 522 905 tibi
547 863 749 919 perdocta
775 870 837 905 est
861 870 984 918 grata
1008 862 1200 903 ministra
1223 876 1366 902 manu.

256 935 297 965 ‘25
325 922 484 963 scilicet
509 921 724 970 ancillam,
751 935 860 974 quae
887 920 939 961 sit
964 919 1039 960 tibi
1064 919 1169 966 fida,
1195 918 1417 973 rogarem?

380 978 501 1032 quid,
526 978 606 1019 nisi
631 985 679 1019 ut
703 978 858 1018 indicio
884 977 1027 1019 iuncta
1052 976 1221 1031 repulsa
1245 974 1379 1016 foret?

321 1051 398 1090 per
423 1036 636 1078 Venerem
662 1035 754 1075 iuro
779 1034 985 1090 puerique
1010 1032 1192 1074 volatilis
1218 1045 1356 1081 arcus,

379 1108 447 1134 me
472 1107 556 1134 non
584 1092 754 1133 admissi
781 1091 966 1134 criminis
994 1105 1085 1133 esse
1110 1088 1248 1131 reum!

948 1193 1076 1236 VIII.

322 1264 539 1305 Ponendis
564 1264 608 1305 in
633 1263 746 1304 mille
771 1262 920 1304 modos
946 1261 1135 1317 perfecta
1160 1260 1334 1316 capillis,

380 1335 546 1362 comere
572 1321 647 1362 sed
673 1321 782 1362 solas
809 1320 957 1375 digna,
986 1317 1187 1374 Cypassi,
1214 1318 1329 1367 deas,

324 1385 364 1420 et
389 1378 492 1419 mihi
517 1378 703 1419 iucundo
729 1392 814 1418 non
839 1377 997 1418 rustica
1022 1375 1191 1431 cognita
1215 1375 1343 1423 furto,

381 1443 480 1490 apta
505 1436 676 1489 quidem
703 1434 917 1483 dominae,
943 1433 1017 1475 sed
1042 1433 1178 1488 magis
1205 1439 1304 1487 apta
1328 1430 1446 1480 mihi,

277 1506 296 1535 5
323 1492 417 1546 quis
443 1492 524 1533 fuit
548 1492 657 1533 inter
682 1506 758 1533 nos
784 1491 930 1532 sociati
955 1489 1142 1545 eorporis
1167 1489 1322 1530 index?

380 1550 509 1591 sensit
535 1549 785 1591 concubitus
810 1548 923 1590 unde
951 1545 1139 1589 Corinna
1163 1546 1284 1588 tuos?

322 1622 425 1647 num
451 1614 594 1648 tamen
622 1606 791 1654 erubui,
817 1621 919 1646 num
945 1604 1076 1646 verbo
1101 1604 1244 1659 lapsus
1268 1603 1313 1644 in
1337 1602 1425 1644 ullo

379 1663 561 1705 furtivae
587 1663 768 1706 Veneris
794 1662 962 1704 conscia
987 1661 1109 1717 signa
1134 1660 1257 1702 dedi?

323 1721 445 1775 quid,
470 1721 586 1776 quod
610 1721 653 1762 in
679 1720 831 1762 ancilla
856 1719 987 1774 siquis
1014 1718 1259 1772 delinquere
1283 1716 1430 1773 possit,

256 1792 298 1822 10
380 1778 500 1819 illum
527 1793 606 1834 ego
633 1777 831 1820 contendi
856 1784 997 1818 mente
1023 1790 1166 1818 carere
1191 1774 1329 1816 bona?

322 1835 554 1877 Thessalus
581 1835 758 1877 ancillae
783 1834 891 1876 facie
916 1833 1132 1875 Briseidos
1159 1832 1277 1874 arsit:

382 1908 503 1934 serva
527 1893 768 1947 Mycenaeo
793 1891 992 1933 Phoebas
1019 1897 1160 1932 amata
1184 1889 1295 1931 duci.

323 1963 401 1991 nee
427 1965 520 1991 sum
548 1964 628 2005 ego
654 1949 880 1990 Tantalide
906 1948 1041 1989 maior
1065 1962 1144 1988 nee
1168 1946 1304 1987 maior
1327 1945 1516 1987 Achille:

383 2007 497 2061 quod
524 2006 667 2048 decuit
691 2021 834 2061 reges,
862 2020 936 2046 cur
961 2004 1065 2045 mihi
1090 2011 1212 2058 turpe
1236 2003 1409 2058 putem?

258 2077 297 2107 15
324 2071 371 2105 ut
395 2072 537 2105 tamen
562 2063 691 2105 iratos
715 2063 759 2103 in
784 2070 824 2104 te
851 2061 997 2104 defixit
1027 2061 1196 2110 ocellos,

381 2121 468 2161 vidi
495 2128 536 2162 te
562 2120 658 2162 totis
685 2119 902 2162 erubuisse
928 2118 1063 2174 genis.

325 2185 366 2219 at
393 2185 571 2232 quanto,
598 2178 632 2219 si
657 2177 766 2219 forte
790 2176 942 2225 refers,
968 2174 1232 2231 praesentior
1256 2174 1346 2230 ipse

381 2249 457 2290 per
481 2235 661 2278 Veneris
686 2235 768 2276 feci
793 2233 969 2275 numina
993 2247 1150 2287 magna
1173 2230 1320 2273 fidem!

325 2300 391 2341 m,
420 2293 517 2342 dea,
543 2300 589 2334 tu
613 2292 761 2334 iubeas
788 2290 917 2332 animi
942 2289 1126 2346 periuria
1150 2288 1246 2344 puri

257 2362 299 2393 20
386 2348 667 2405 Carpathium
693 2349 856 2404 tepidos
881 2363 957 2403 per
980 2361 1097 2388 mare
1123 2346 1233 2388 ferre
1258 2352 1394 2387 notos.

324 2421 400 2462 pro
427 2408 582 2461 quibus
608 2406 757 2448 officiis
783 2406 967 2461 pretium
993 2403 1097 2445 mihi
1123 2403 1245 2445 dulce
1269 2402 1455 2458 repende

384 2465 635 2506 concubitus
660 2464 804 2513 hodie,
830 2463 951 2504 fusca
977 2460 1181 2517 Cypassi,
1207 2468 1316 2502 tuos.

326 2521 428 2575 quid
453 2522 595 2564 renuis
621 2521 831 2576 fingisque
857 2534 1008 2569 novos,
1034 2519 1220 2574 ingrata,
1246 2516 1444 2559 timores?

383 2593 515 2620 unum
541 2586 604 2620 est
628 2594 650 2620 e
677 2578 857 2620 dominis
883 2576 1111 2619 emeruisse
1137 2575 1251 2618 satis.

258 2648 299 2679 25
327 2635 441 2688 quod
467 2636 502 2676 si
528 2636 655 2678 stulta
679 2650 830 2690 negas,
855 2634 984 2675 index
1009 2640 1203 2675 anteacta
1226 2630 1395 2673 fatebor

386 2700 424 2733 et
452 2693 618 2734 veniam
644 2693 793 2748 culpae
818 2691 1005 2747 proditor
1029 2690 1120 2746 ipse
1144 2703 1279 2739 meae,

327 2763 496 2804 quoque
521 2751 612 2791 loco
639 2757 778 2792 tecum
803 2748 956 2790 fuerim
981 2747 1281 2802 quotiensque,
1308 2743 1504 2801 Cypassi,

383 2806 564 2847 narrabo
592 2807 785 2849 dominae
795 2839 805 2858 ,
831 2813 1020 2859 quotque
1046 2804 1285 2859 quibusque
1309 2802 1460 2843 modis.
