1831 3168
343 226 564 263 AMORL'M
589 228 684 262 LIB
712 229 1136 273 1.xv‚15—-L113.11.
1164 229 1212 272 ΙΙ,
1239 230 1293 264 16.

140 323 237 350 cum
263 307 370 349 male
398 323 440 349 se
466 308 610 349 Tellus
636 309 722 350 ulta
747 320 829 357 est,
856 310 1104 364 ingestaque
1131 309 1318 366 Olympo

196 365 327 405 ardua
352 364 559 406 devexum
585 365 733 406 Pelion
760 366 871 407 Ossa
897 367 1002 408 tulit.

138 422 181 462 in
207 420 401 461 manibus
427 421 590 462 nimbos
616 430 655 463 ct
683 437 777 463 cum
805 423 902 464 Iove
929 423 1087 464 fulmen
1113 423 1336 473 habebam,

195 477 308 531 quod
335 477 440 519 benc
466 492 541 532 pro
567 478 683 519 caelo
708 479 886 520 mitteret
913 480 980 520 ille
1006 495 1095 521 suo.

138 534 285 574 clausit
313 534 447 575 amica
471 534 596 575 fores.
657 549 735 589 ego
762 550 857 576 cum
884 536 984 577 Iove
1009 536 1169 578 fulmen
1195 536 1326 577 omisi.

195 590 383 631 excidit
374 591 542 645 mgenio
568 591 791 645 Iuppiter
781 606 870 645 1pse
895 607 1001 633 meo.

139 646 340 701 Iuppiter,
367 647 579 701 ignoscas:
605 647 663 687 nil
689 662 754 688 me
780 656 851 687 tua
876 648 1004 688 verba
1029 649 1242 689 iuvabant.

195 703 337 743 clausa
362 711 434 744 tuo
459 703 593 743 maius
618 703 745 742 ianua
769 702 928 744 fulmen
954 704 1091 744 habet.

137 758 360 800 blanditias
387 759 611 812 elegosque
637 759 758 806 levis,
784 773 877 799 mea
903 759 1004 808 tela,
1029 761 1256 816 lesumpsi:

193 815 428 856 mollierunt
455 815 579 854 duras
604 814 713 855 lenia
739 815 868 856 ιθιιὺιι
892 814 1015 856 fores.

136 871 321 912 carmina
346 870 601 925 sanguineae
627 871 839 912 deducunt
865 885 1021 912 cornua
1045 872 1169 913 lunae

194 935 232 969 et
259 936 456 969 revocant
480 927 624 968 niveos
652 926 762 968 Solis
788 928 923 968 euntis
949 942 1093 981 equos,

135 984 320 1025 carmine
346 983 551 1024 dissiliunt
578 983 765 1038 abruptis
790 984 982 1025 faucibus
1008 999 1181 1039 angues,

193 1040 320 1093 inque
346 1055 443 1081 suos
469 1040 607 1081 fontes
633 1055 753 1081 versa
779 1040 952 1081 recurrit
978 1055 1099 1094 aqua.

132 1097 389 1138 carminibus
414 1111 574 1138 cessere
600 1096 729 1145 fores,
756 1097 994 1150 insertaque
1019 1098 1141 1152 posti,

191 1154 384 1207 quamvis
408 1153 537 1194 robur
561 1161 668 1202 erat,
694 1153 876 1194 carmine
901 1154 1129 1213 victa-sera
1155 1164 1229 1196 est.

134 1210 236 1264 quid
261 1209 363 1250 mihi
388 1209 591 1264 profuerit
616 1210 738 1251 velox
764 1218 954 1251 cantatus
979 1210 1194 1252 Achilles?

191 1265 292 1320 quid
315 1281 391 1321 pro
417 1281 483 1307 me
509 1266 681 1307 Atrides
707 1266 812 1307 alter
837 1275 874 1308 et
902 1267 1006 1308 alter
1029 1281 1168 1322 agent,

132 1323 289 1377 quique
315 1330 374 1363 tot
399 1322 576 1363 errando
602 1330 701 1376 quot
728 1323 835 1364 bello
861 1324 1040 1378 perdidit
1066 1339 1210 1372 annos,

158 1382 161 1383 ⁷
187 1388 333 1434 raptus
359 1387 399 1420 et
424 1379 671 1420 Haemoniis
696 1379 845 1420 flebilis
871 1381 1032 1421 Hector
1057 1381 1200 1435 equis?

131 1442 176 1476 at
198 1435 306 1477 facie
332 1444 499 1477 tenerae
524 1436 695 1477 laudata
721 1451 844 1501 saepe
869 1437 1033 1492 puellae

189 1492 243 1533 ad
267 1500 425 1541 vatem,
451 1492 633 1547 pretium
659 1493 854 1534 carminis
864 1494 991 1548 ‚ipsa
1015 1494 1146 1534 venit:

129 1563 286 1603 magna
313 1524 435 1590 datui·
459 1563 630 1590 merces·
690 1549 864 1590 hemum
891 1551 1003 1591 clara
1027 1551 1162 1591 ιιιΙεῐε

186 1604 374 1646 nomina:
401 1619 485 1646 non
510 1614 607 1660 apta
631 1614 691 1646 est
716 1606 851 1660 gratia
876 1615 1015 1648 vestra
1040 1607 1153 1647 mihi.

126 1662 185 1702 ad
209 1676 303 1702 mea
329 1661 533 1702 formosos
559 1661 695 1702 vultus
722 1661 917 1704 adhibete
943 1663 1106 1717 puellae

186 1718 390 1767 carmina,
416 1732 651 1774 purpureus
676 1732 785 1772 quae
810 1719 913 1759 mihi
939 1719 1067 1760 dictat
1092 1721 1240 1761 Amor.

778 1820 836 1861 ΙΙ.

128 1887 270 1940 Quem
293 1902 422 1943 penes
447 1895 510 1928 est
535 1887 748 1928 dominam
773 1888 968 1930 servandi
994 1903 1112 1938 cura,
1139 1889 1299 1945 Bagoe,

184 1945 284 1985 dum
309 1958 466 1999 perago
492 1953 631 1985 tecum
656 1959 811 1999 pauca,
837 1945 910 1986 sed
937 1955 1055 2000 apta,
1081 1960 1197 1987 vaca,

127 2001 322 2042 hesterna
346 2000 431 2041 vidi
457 2001 705 2056 spatiantem
730 2002 823 2043 luce
848 2003 1031 2057 puellam

183 2057 273 2105 illa,
300 2071 408 2111 quae
434 2057 575 2098 Danai
599 2058 784 2113 porticus
809 2074 962 2113 agmen
987 2059 1126 2100 habet.

125 2114 336 2169 protinus,
361 2121 408 2154 ut
431 2114 606 2168 placuit,
632 2115 726 2155 misi
751 2115 990 2169 scriptoque
1015 2116 1174 2170 rogavi.

183 2170 395 2225 rescripsit
419 2171 582 2225 trepida
606 2175 708 2212 ‘non
733 2171 846 2212 licet⁷
872 2172 943 2212 illa
967 2187 1107 2212 manu.

127 2237 185 2275 et,
212 2241 286 2267 cur
309 2240 392 2267 non
417 2227 558 2275 liceat,
586 2228 802 2280 quaerenti
825 2228 989 2269 reddita
1014 2243 1141 2269 causa
1166 2237 1241 2277 est,

184 2282 297 2336 quod
322 2282 497 2325 nimium
523 2283 715 2324 dominae
742 2298 842 2324 cura
866 2285 1042 2325 molesta
1067 2294 1138 2325 tua
1163 2294 1238 2326 est.

127 2339 161 2379 si
187 2339 317 2392 sapis,
343 2353 367 2379 o
394 2348 552 2388 custos,
578 2340 721 2380 odium
744 2364 802 2368 —
825 2340 928 2380 mihi
952 2340 1075 2382 crede
1099 2364 1156 2370 —
1181 2342 1331 2383 mereri

185 2395 346 2436 desine·
373 2409 498 2448 quem
523 2396 671 2437 metuit
696 2396 891 2449 quisque,
917 2397 1073 2451 perisse
1099 2398 1227 2452 eupit.

128 2451 193 2491 ιίι·
216 2465 385 2504 quoque
410 2465 494 2491 non
519 2451 698 2506 sapiens.
758 2452 860 2505 quid
885 2453 995 2494 enim
1022 2467 1187 2495 servare
1211 2453 1385 2504 laboret,

184 2507 295 2548 unde
320 2507 441 2555 nihil,
467 2508 658 2561 quamvis
682 2522 766 2548 non
791 2517 953 2557 tueare,
979 2509 1113 2564 perit?

127 2564 201 2605 sed
225 2572 343 2618 gerat
367 2563 436 2605 ille
462 2578 537 2604 suo
562 2578 720 2605 morem
745 2564 927 2606 furiosus
952 2565 1096 2614 ammi,

185 2629 227 2661 et
225 2599 430 2669 ‘'eastum,
455 2620 596 2661 multis
622 2620 735 2673 quod
760 2621 914 2676 placet,
940 2637 1030 2663 esse
1056 2630 1192 2677 putet:

128 2675 227 2717 huic
250 2676 407 2717 furtiva
431 2684 503 2718 tuo
527 2676 696 2718 libertas
722 2692 894 2719 munere
919 2678 1054 2726 detur,

183 2746 310 2785 quam
335 2732 498 2774 dederis
522 2733 600 2782 illi,
625 2733 772 2775 reddat
796 2741 843 2775 ut
866 2733 937 2776 illa
961 2735 1048 2777 tibi.

1448 220 1504 262 99

1526 438 1565 466 15,

1523 1282 1566 1311 30

1519 1564 1561 1595 35

1517 2414 1558 2443 10

1515 2695 1555 2726 15
