1831 3168
388 241 542 277 ARTIS
568 241 872 277 AMATORIAE
897 240 994 275 LIB.
1021 240 1049 275 1.
1076 239 1268 275 606—693.
1433 228 1514 271 157

201 323 376 380 hospitis
403 324 553 364 adfuso
580 323 785 378 sanguine
811 338 933 378 posse
959 322 1118 364 Iovem.
1542 332 1609 363 650

144 382 202 423 illi
228 381 391 422 Busiris
418 381 510 421 ‘fies
537 381 650 421 Iovis
676 380 812 421 hostia
837 379 1023 434 primus‚'

201 438 338 492 inquit
362 442 424 479 ‘et
450 438 651 492 Aegypto
678 445 723 478 tu
750 437 870 478 dabis
895 436 1048 492 hospes
1075 434 1256 489 aquam.'

145 504 184 537 ct
209 494 403 536 Phalaris
429 503 548 535 tauro
574 494 745 535 violenti
770 493 960 536 membra
983 492 1130 534 Perilli

202 551 369 593 torruit:
395 551 543 593 infelix
566 551 703 592 inbuit
728 558 873 592 auctor
897 564 1016 605 opus.

144 609 279 650 iustus
304 615 480 662 uterque
505 607 603 649 fuit:
630 622 767 661 neque
793 607 904 648 enim
928 607 996 647 lex
1022 605 1194 659 aequior
1218 604 1303 645 ulla
1329 611 1405 652 est,
1544 615 1610 645 6525

203 680 331 719 quam
355 665 470 707 necis
495 664 675 706 artifices
701 673 787 705 arte
815 663 948 718 perire
974 677 1064 702 sua.

146 737 246 777 crgo
271 730 318 763 ut
342 722 531 777 periuras
557 721 704 763 merito
730 720 912 776 periuria
938 719 1100 766 fallant,

205 780 398 834 exemplo
424 778 563 820 doleat
588 778 745 820 femina
769 777 883 818 laesa
908 789 997 816 suo,

147 847 185 877 et
210 836 408 877 lacrimae
433 844 619 890 prosunt.
680 833 861 875 lacrimis
887 832 1112 873 adamanta
1136 829 1339 871 movebis.

203 892 271 933 fac
295 892 486 933 madidas
512 892 672 939 videat,
700 890 733 932 si
759 899 898 945 potes,
924 889 995 929 illa
1019 902 1164 942 genas„
1545 899 1613 929 660

148 948 182 990 si
206 949 404 990 lacrimae
429 973 486 977 —
510 962 647 1001 neque
674 947 784 988 enim
809 946 983 987 veniunt
1008 945 1051 986 in
1077 953 1265 998 tempore
1293 957 1530 998 semper—

205 1005 419 1055 deficient,
445 1005 530 1047 uda
554 1004 714 1045 lumina
739 1012 866 1058 tange
891 1017 1033 1043 manu.

149 1063 241 1116 quis
269 1062 435 1117 sapiens
460 1061 625 1103 blandis
650 1075 735 1102 non
761 1060 935 1101 misceat
960 1058 1104 1100 oscula
1130 1057 1298 1099 verbis?

203 1119 275 1160 illa
299 1120 398 1160 licet
421 1133 506 1160 non
532 1119 620 1167 det,
645 1132 729 1158 non
755 1117 853 1158 data
878 1131 997 1156 sume
1022 1124 1177 1156 tamen.

147 1176 355 1231 pugnabit
379 1176 515 1231 primo
540 1174 728 1216 fortassis
754 1183 795 1215 et
820 1172 1049 1228 ‘improbe’
1077 1172 1205 1213 dicet:
1547 1183 1613 1213 665

205 1232 436 1287 pugnando
462 1232 573 1273 vinci
598 1246 642 1273 se
668 1239 808 1272 tamen
834 1230 906 1270 illa
931 1229 1056 1271 volet.

148 1297 311 1330 tantum
336 1304 389 1330 ne
414 1296 593 1330 noceant
617 1287 770 1329 teneris
795 1287 904 1328 male
929 1294 1051 1341 rapta
1074 1285 1251 1335 labellis,

204 1360 310 1387 neve
336 1345 455 1399 queri
480 1345 610 1400 possit
637 1345 743 1386 dura
767 1344 917 1392 fuisse,
945 1343 1065 1385 cavel

149 1403 293 1445 oscula
318 1403 390 1456 qui
415 1402 611 1457 sumpsit,
639 1401 674 1442 si
699 1416 784 1442 non
810 1408 850 1442 et
876 1409 1041 1442 caetera
1066 1407 1216 1449 sumet,

206 1459 311 1501 haec
335 1473 524 1513 quoque,
551 1473 660 1513 quae
686 1458 784 1499 data
809 1465 926 1506 sunt,
951 1457 1126 1512 perdere
1153 1457 1307 1512 dignus
1333 1455 1423 1497 erit.
1549 1467 1616 1497 650

150 1524 355 1571 quantum
380 1516 572 1557 defuerat
596 1515 721 1570 pleno
746 1523 841 1570 post
867 1515 1010 1555 oscula
1035 1514 1160 1554 voto?

207 1573 245 1614 ei
269 1572 390 1622 mihi,
416 1572 644 1620 rusticitas,
670 1586 754 1612 non
778 1571 915 1626 pudor
939 1571 1008 1611 ille
1034 1570 1126 1610 fuit.

149 1630 235 1671 vim
259 1629 356 1670 licet
383 1629 588 1684 appelles:
614 1636 736 1683 grata
761 1636 823 1669 est
848 1627 910 1667 vis
936 1627 1016 1668 ista
1039 1626 1210 1681 puellis:

207 1686 322 1740 quod
346 1686 481 1735 iuvat,
506 1686 663 1726 invitae
690 1699 815 1739 saepe
842 1683 1007 1725 dedisse
1032 1684 1194 1724 volunt.

151 1756 443 1798 quaecumque
470 1751 532 1784 est
556 1742 735 1784 Veneris
760 1740 900 1782 subita
925 1740 1079 1780 violata
1103 1739 1264 1795 rapina,
1549 1751 1615 1781 675

206 1800 384 1855 gaudet,
411 1807 452 1840 et
475 1798 707 1854 inprobitas
733 1797 918 1838 muneris
942 1797 1073 1838 instar
1097 1796 1239 1838 habet.

151 1866 191 1898 at
218 1871 327 1911 quae
352 1870 448 1897 cum
472 1863 614 1911 posset
640 1854 754 1910 cogi,
780 1868 865 1895 non
890 1861 1003 1895 tacta
1027 1853 1213 1902 recessit,

206 1924 252 1955 ut
278 1912 446 1955 simulet
470 1912 587 1953 vultu
611 1912 789 1966 gaudia,
815 1910 942 1952 tristis
969 1909 1059 1951 erit.

150 1970 235 2011 vim
260 1985 386 2025 passa
411 1976 475 2010 est
497 1968 693 2018 Phoebe3
719 1968 782 2009 vis
808 1975 870 2009 est
895 1967 1021 2008 allata
1045 1966 1196 2007 sorori:

210 2035 251 2069 et
275 2034 420 2082 gratus
445 2033 592 2081 raptae
616 2033 761 2080 raptor
785 2032 962 2078 uterque
987 2023 1080 2064 fuit.
1550 2034 1617 2065 680

151 2083 297 2126 fabula
320 2090 420 2125 nota
445 2082 635 2137 quidem,
662 2082 736 2123 sed
761 2095 845 2122 non
869 2081 1044 2135 indigna
1067 2079 1228 2129 referri,

211 2139 381 2194 Scyrias
407 2139 646 2180 Haemonio
671 2139 813 2180 iuncta
838 2137 980 2192 puella
1004 2136 1106 2178 viro.

151 2197 237 2238 iam
262 2197 341 2238 dea
364 2196 559 2237 laudatae
586 2195 759 2236 dederat
783 2195 894 2234 mala
918 2193 1106 2248 praemia
1130 2192 1291 2234 formae

211 2253 316 2295 colle
342 2252 420 2293 sub
444 2252 575 2293 Idaeo
600 2252 767 2292 vincere
793 2251 922 2305 digna
948 2250 1066 2298 duas,

153 2311 237 2352 iam
261 2324 393 2351 nurus
420 2308 474 2349 ad
497 2308 717 2349 Priamum
743 2307 907 2348 diverso
933 2312 1105 2347 venerat
1130 2305 1246 2354 orbe,
1553 2317 1618 2349 685

213 2366 428 2420 Graiaque
452 2365 496 2406 in
520 2365 660 2406 Iliacis
685 2363 905 2406 moenibus
930 2376 1037 2403 uxor
1062 2369 1169 2403 erat:

155 2423 352 2465 iurabant
376 2437 520 2464 omnes
545 2422 587 2462 in
612 2421 716 2463 laesi
741 2420 871 2462 verba
894 2419 1051 2467 mariti3

215 2495 312 2522 nam
337 2478 456 2520 dolor
479 2478 605 2519 unius
629 2477 800 2533 publica
825 2491 952 2518 causa
977 2475 1069 2516 fuit.

157 2548 300 2592 turpe,
325 2536 405 2577 nisi
428 2535 508 2577 hoc
532 2534 675 2576 matris
701 2533 896 2590 precibus
921 2532 1154 2574 tribuisset:
1179 2529 1370 2573 Achilles

214 2602 331 2635 veste
355 2592 493 2634 virum
517 2592 645 2647 longa
669 2590 955 2633 dissimulatus
980 2595 1082 2631 erat.
1553 2600 1620 2631 690

159 2650 260 2706 quid
285 2649 408 2697 facis,
432 2648 648 2690 Aeacide?
683 2662 768 2689 non
793 2655 890 2689 sunt
915 2654 988 2687 tua
1011 2659 1188 2687 munera
1211 2644 1346 2686 lanae.

215 2716 262 2748 tu
286 2706 430 2747 titulos
456 2706 537 2747 alia
560 2704 749 2746 Palladis
775 2711 862 2746 arte
887 2710 1019 2759 petas.

160 2763 263 2821 quid
287 2762 364 2805 tibi
389 2777 485 2805 cum
511 2761 710 2804 calathis?
735 2762 870 2817 clipeo
894 2774 1044 2802 manus
1071 2766 1170 2815 apta
1193 2757 1368 2800 ferendo
1393 2763 1468 2800 est.
