1831 3168
425 280 766 317 REMEDIORUM
791 278 982 315 AMORIS
1008 278 1198 313 696—783.

215 366 282 408 hic
308 365 438 406 vomit
463 371 606 419 epotas
633 363 723 404 dira
748 360 987 417 Charybdis
1013 375 1157 414 aquas.

157 433 254 465 sunt
279 437 387 476 quac
412 436 496 462 non
522 428 696 476 possunt
722 420 862 473 aliquo
888 425 1063 473 cogente
1088 417 1237 465 iuberi,

214 494 340 534 saepe
366 486 506 519 tamen
533 493 632 518 casu
658 477 769 518 facta
793 476 936 517 iuvare
962 475 1108 516 solent.

157 537 305 592 perdat
330 550 430 590 opes
456 534 670 576 Phaedra:
697 546 865 588 parces,
892 532 1109 587 Neptune,
1134 530 1289 586 nepoti,

217 592 313 649 [nec
338 592 465 633 faciet
489 591 665 646 pavidos
691 599 835 631 taurus
862 589 998 630 avitus
1025 602 1168 640 equos.

157 649 351 692 Gnosida
376 649 546 690 fecisses
571 648 759 702 inopem:
787 646 997 700 sapienter
1021 642 1237 699 amasset]

214 706 370 747 divitiis
397 706 520 746 alitur
543 704 783 745 luxuriosus
809 716 937 743 amor.

156 779 232 805 cur
256 778 379 804 nemo
406 770 480 810 est,
507 761 715 809 IIecalen,
741 759 857 800 nulla
882 766 961 806 est,
987 772 1096 811 quae
1121 756 1279 812 ceperit
1305 756 1427 798 Iron?

213 835 365 874 nempe
391 818 504 872 quod
531 818 635 859 alter
660 831 807 872 egem,
834 815 963 856 altera
987 829 1150 869 pauper
1175 822 1276 855 erat.

157 892 241 918 non
267 876 412 924 habet,
438 875 549 916 unde
575 889 698 915 suum
724 880 948 928 paupertas
973 878 1119 926 pascat
1144 885 1342 911 amorem.

213 948 296 974 non
322 941 463 974 tamen
488 932 566 972 hoc
592 930 697 972 tanti
723 937 803 978 est,
829 943 990 984 pauper
1014 936 1061 968 ut
1086 942 1176 969 esse
1202 927 1319 968 velis.

156 998 199 1031 at
223 990 327 1030 tanti
353 989 427 1029 tibi
453 988 524 1036 sit,
549 1002 634 1029 non
657 986 877 1041 indulgere
902 985 1088 1033 theatris,

214 1047 314 1087 dum
340 1046 446 1088 bene
472 1045 523 1086 de
548 1058 682 1086 vacuo
707 1051 876 1099 pectore
901 1042 1023 1084 cedat
1047 1055 1176 1082 amor.

156 1111 360 1145 enervant
385 1102 546 1144 animos
572 1100 755 1143 citharae
779 1100 970 1153 lotosque
994 1099 1194 1153 lyraeque

215 1168 253 1202 ct
280 1175 362 1201 vox
388 1167 429 1201 et
453 1158 638 1200 numeris
664 1156 837 1198 brachia
861 1163 975 1197 mota
1000 1155 1099 1196 suis.

156 1217 241 1258 illic
266 1216 441 1258 adsidue
465 1214 550 1256 ficti
575 1214 778 1255 saltantur
803 1220 1010 1254 amantes:

214 1273 315 1328 quid
341 1287 510 1321 caveas,
537 1279 664 1320 actor,
691 1270 793 1324 quid
816 1269 952 1318 iuvet,
979 1275 1066 1310 arte
1093 1268 1228 1309 docet.

156 1331 330 1384 eloquar
353 1328 530 1370 invitus:
556 1335 722 1369 teneros
747 1342 800 1368 ne
826 1334 952 1381 tange
977 1325 1142 1381 poetas!

213 1400 456 1427 summoveo
482 1385 599 1426 dotes
624 1384 755 1439 ipsius
780 1384 870 1438 ipse
896 1398 1023 1425 meas.

157 1442 467 1486 Callimachum
491 1441 648 1497 fugito:
675 1455 759 1482 non
785 1448 848 1482 est
872 1440 1066 1481 inimicus
1093 1438 1262 1488 Amori3

214 1508 257 1542 et
280 1514 376 1541 cum
403 1498 664 1540 Callimacho
690 1505 735 1538 tu
761 1511 950 1551 quoque,
978 1495 1086 1545 Coe',
1112 1510 1252 1537 noces.

157 1572 224 1598 me
251 1564 362 1598 certe
389 1555 563 1610 Sappho
589 1555 803 1596 meliorem
828 1553 927 1595 fecit
954 1553 1127 1602 amicae,

213 1627 291 1654 nec
316 1612 474 1667 rigidos
498 1625 636 1652 mores
661 1611 766 1652 Te'l'a
792 1610 920 1651 Musa
945 1609 1072 1650 dedit.

157 1670 344 1712 carmina
369 1669 462 1722 quis
488 1667 624 1722 potuit
648 1675 738 1708 tuto
763 1667 916 1721 legisse
942 1666 1115 1714 Tibulli,

214 1726 281 1768 vel
307 1735 398 1773 tua,
425 1725 543 1766 cuius
569 1738 675 1778 opus
702 1722 889 1778 Cynthia
914 1723 1002 1764 sola
1027 1722 1132 1764 fuit?

156 1784 250 1839 quis
276 1782 428 1837 poterit
451 1782 559 1823 lecto
585 1781 715 1822 durus
741 1780 954 1822 discedere
982 1778 1133 1822 Gallo?

214 1848 254 1881 et
279 1855 372 1880 mea
396 1838 538 1880 nescio
564 1838 665 1891 quid
691 1837 878 1878 carmina
902 1837 984 1878 tale
1010 1843 1173 1877 sonant.
1199 1860 1257 1866 —-

155 1896 271 1951 quod
296 1895 375 1936 nisi
400 1895 486 1936 dux
511 1894 648 1949 operis
674 1902 810 1936 vatem
837 1893 1062 1934 frustratur
1086 1893 1257 1948 Apollo,

213 1952 404 1995 aemulus
430 1959 493 1992 est
515 1950 647 1992 nostri
672 1951 856 1992 maxima
882 1965 1010 1992 causa
1035 1950 1146 1991 mali.

155 2017 199 2051 at
224 2019 270 2050 tu
294 2009 469 2050 rivalem
494 2008 580 2049 noli
605 2007 680 2048 tibi
704 2007 864 2062 fingere
889 2021 1160 2061 quemquam,

211 2066 339 2120 inque
366 2079 441 2106 suo
467 2065 599 2106 solam
625 2064 747 2106 crede
772 2065 908 2106 iacere
934 2072 1039 2105 toro.

156 2123 292 2164 acrius
318 2122 580 2164 Hermionen
604 2120 698 2162 ideo
725 2121 871 2163 dilexit
896 2119 1085 2169 Orestes,

213 2194 304 2221 esse
330 2179 445 2232 quod
469 2178 638 2220 alterius
663 2185 859 2232 coeperat
883 2177 955 2218 illa
980 2177 1069 2218 viri.

156 2236 277 2290 quid,
303 2235 521 2283 Menelae‚
547 2234 688 2275 doles?
724 2234 815 2275 ibas
841 2233 930 2275 sine
957 2233 1135 2288 coniuge
1162 2232 1318 2275 Creten

213 2301 255 2333 et
278 2299 445 2346 poteras
469 2298 602 2345 nupta
625 2290 762 2331 lentus
788 2291 935 2331 abesse
961 2298 1046 2330 tua.

155 2357 201 2390 ut
226 2348 349 2389 Paris
374 2347 483 2388 hanc
507 2347 666 2401 rapuit,
691 2361 802 2388 nunc
828 2347 998 2388 demum
1021 2360 1152 2387 uxore
1178 2360 1319 2388 carere

212 2420 297 2446 non
322 2411 460 2459 potes:
487 2403 657 2445 alterius
683 2404 812 2444 crevit
838 2417 979 2444 amore
1005 2410 1114 2444 tuus.

155 2462 236 2503 hoc
262 2469 302 2503 et
326 2462 369 2502 in
395 2460 578 2502 abducta
601 2459 793 2502 Briseide
818 2460 946 2501 flebat
970 2459 1174 2509 Achilles,

212 2519 327 2559 illam
352 2516 588 2559 Plisthenio
613 2516 769 2572 gaudia
794 2516 904 2558 ferre
930 2524 1033 2557 toro.

155 2590 233 2617 nec
257 2575 413 2616 frustra
436 2574 582 2622 fiebat,
608 2573 709 2614 mihi
736 2573 903 2615 credite.
963 2573 1063 2614 fecit
1086 2573 1274 2623 Atrides,

213 2631 327 2685 quod
353 2631 388 2671 si
411 2645 496 2671 non
520 2629 696 2679 faceret,
722 2630 898 2685 turpiter
923 2638 1032 2671 esset
1056 2629 1180 2671 iners.

156 2696 267 2730 certe
293 2702 372 2742 ego
398 2686 610 2735 fecissem,
635 2701 714 2728 nec
738 2702 831 2728 sum
857 2687 1084 2742 sapientior
1107 2686 1196 2728 illo!

212 2744 394 2786 invidiae
420 2743 581 2785 fructus
606 2743 814 2785 maximus
840 2743 908 2786 ille
933 2743 1026 2784 fuit.

155 2816 253 2843 nam
279 2801 358 2843 sibi
383 2801 497 2855 quod
521 2815 754 2855 numquam
779 2808 934 2843 tactam
959 2800 1152 2843 Briseida
1176 2801 1284 2843 iurat

1441 268 1524 310 213

1552 372 1616 403 740

1552 656 1615 686 745

1554 1222 1616 1252 755

1555 1506 1619 1537 760
