1831 3168
354 207 410 249 26
810 216 852 250 Ρ.
880 215 1024 251 OVIDI
1050 214 1268 251 NASONIS

264 313 328 343 170
410 311 520 339 nunc
545 297 649 339 levis
675 297 850 339 eiectam
877 296 1059 338 continet
1086 297 1182 351 alga
1206 303 1353 338 ratem.

354 363 518 409 tempus
544 361 589 395 ut
615 354 854 402 observem,
879 353 1034 394 manda
1058 353 1173 394 mihi.
1234 353 1366 395 serius
1390 353 1485 405 ibis,

410 425 487 452 nec
513 419 572 458 te,
599 410 632 451 si
659 409 823 464 cupies,
849 409 940 464 ipsa
965 424 1135 451 manere
1161 409 1307 450 sinam.

353 475 391 509 ct
419 467 519 508 socii
544 466 731 520 requiem
758 474 956 521 poscunt,
981 466 1223 519 laniataque
1249 465 1393 508 classis

407 523 589 578 postulat
617 523 791 577 exiguas
816 522 1080 564 semirefecta
1104 536 1256 563 moras.

263 596 324 625 177,
351 594 426 634 pro
453 579 609 620 meritis
636 586 675 620 et
701 579 822 633 siqua
847 579 922 620 tibi
948 579 1197 621 debebimus
1223 579 1346 628 ultra,

253 644 257 648 ⁴
407 649 482 691 pro
509 651 582 691 spe
608 636 792 691 coniugii
817 643 1006 691 tempora
1030 650 1161 691 parva
1185 643 1302 691 peto:

350 693 451 733 dum
476 692 584 734 freta
610 693 833 734 mitescunt
860 700 901 734 et
926 706 1055 742 amor,
1082 692 1183 733 dum
1209 700 1395 748 tempore
1421 699 1462 735 et
1487 707 1569 734 usu

407 749 571 791 fortiter
596 749 737 791 edisco
762 749 896 790 tristia
920 764 1044 804 posse
1070 749 1170 804 pati.

351 806 383 846 si
408 806 565 854 minus,
593 813 655 847 est
680 806 844 847 animus
869 806 990 847 nobis
1016 805 1233 847 effundere
1258 805 1408 847 vitam:

261 878 324 908 180
406 862 449 903 in
474 877 540 904 me
567 862 747 904 crudelis
772 877 856 903 non
881 870 1000 918 potes
1026 877 1117 904 esse
1143 863 1228 903 diu.

351 919 527 974 aspicias
553 919 734 969 utinam,
760 933 868 973 quae
894 919 946 960 sit
972 919 1190 961 scribentis
1215 919 1375 973 imago!

407 975 646 1024 scribimus,
672 984 713 1017 et
736 976 897 1031 gremio
922 976 1100 1017 Troicus
1125 975 1236 1018 ensis
1261 976 1398 1017 adest:

350 1046 558 1098 perque·0
534 1047 662 1074 o'enas
688 1032 885 1074 lacrimae
911 1033 1101 1073 strictum
1126 1032 1360 1073 labuntur
1349 1047 1392 1073 1n
1418 1046 1576 1082 ensem,

407 1089 478 1143 qui
503 1089 587 1130 iam
614 1103 689 1145 pro
714 1089 895 1130 lacrimis
922 1089 1126 1145 sanguine
1152 1088 1307 1130 tinctus
1334 1088 1423 1130 erit.

260 1160 322 1192 185
349 1159 475 1200 quam
500 1145 607 1187 bene
634 1146 888 1188 conveniunt
912 1125 1024 1186 flesto
1025 1153 1098 1187 tua
1122 1160 1299 1187 munera
1322 1144 1483 1186 nostro!

405 1202 575 1243 instruis
600 1202 776 1257 inpensa
799 1211 942 1244 nostra
968 1202 1190 1257 sepulchra
1214 1201 1346 1243 brevi.

348 1273 426 1300 nec
450 1274 544 1300 mea
568 1274 682 1300 nunc
705 1259 887 1314 primum
912 1258 1120 1300 feriuntur
1143 1266 1315 1314 pectora
1339 1259 1443 1300 telo:

404 1315 473 1356 ille
498 1316 616 1357 locus
641 1316 756 1358 saevi
781 1317 934 1357 vulnus
960 1316 1131 1357 Amoris
1156 1315 1296 1357 habet.

348 1372 476 1412 Anna
502 1386 630 1422 soror,
657 1387 775 1414 soror
802 1373 946 1420 Anna,
972 1388 1091 1414 meae
1116 1372 1225 1413 male
1252 1372 1420 1413 conscia
1445 1371 1609 1427 culpae,

257 1443 322 1475 190
403 1429 487 1469 iam
513 1429 633 1470 dabis
659 1429 702 1470 in
727 1429 887 1471 cineres
912 1429 1060 1470 ultima
1086 1429 1197 1470 dona
1220 1442 1349 1470 meos.

346 1499 425 1526 nec
450 1493 699 1540 consumpta
723 1486 836 1541 rogis
862 1486 1067 1527 inscribar
1091 1485 1232 1526 Elissa
1257 1483 1455 1540 Sychaei,

403 1541 482 1582 hoc
508 1549 649 1583 tamen
673 1542 716 1583 in
741 1542 893 1583 tumuli
917 1557 1126 1584 marmore
1152 1556 1322 1583 carmen
1347 1542 1426 1584 erit

347 1598 559 1653 ‘praebuit
583 1599 754 1640 Aeneas
780 1607 821 1639 et
846 1613 1016 1640 causam
1042 1599 1186 1639 mortis
1212 1605 1253 1640 et
1278 1613 1435 1640 ensem.

400 1654 492 1709 ipsa
518 1670 594 1696 sua
620 1654 733 1696 Dido
759 1655 939 1697 concidit
965 1670 1043 1696 usa
1066 1654 1224 1696 manu-⁹

966 1757 1093 1799 VIII.

343 1823 535 1878 Pyrrhus
560 1824 814 1889 Achillides,
841 1824 1054 1865 animosus
1078 1824 1263 1880 imagine
1288 1824 1432 1880 patriS,
1524 1833 1715 1868 Hermione

401 1880 606 1921 inclusam
632 1888 776 1922 contra
800 1881 949 1934 iusque
974 1881 1175 1946 piumque
1201 1888 1326 1923 tenet.
1550 1879 1673 1914 01‘8812'·

300 1953 319 1982 5
347 1936 459 1989 quod
484 1936 620 1991 potui:
645 1937 783 1985 renui,
809 1952 861 1978 ne
886 1951 971 1978 non
996 1938 1128 1978 invita
1153 1945 1329 1979 tenerer.

402 2001 540 2034 cetera
566 1992 773 2034 femineae
798 2008 882 2034 non
907 1994 1078 2035 valuere
1102 2009 1267 2035 manus.

345 2049 464 2103 ‘quid
490 2049 613 2097 facis,
639 2050 854 2091 Aeacide?
879 2064 963 2091 non
988 2065 1082 2092 sum
1107 2050 1196 2092 sine
1221 2050 1407 2092 vindice’
1434 2050 1540 2091 dixi:

403 2105 525 2147 ‘haec
551 2106 626 2147 tibi
652 2106 730 2147 sub
756 2106 925 2147 domino
952 2114 1033 2155 est,
1058 2106 1243 2162 Pyrrhe,
1269 2107 1410 2162 puella
1434 2107 1538 2148 suo.’

345 2162 508 2203 surdior
533 2163 601 2204 ille
626 2163 734 2205 freto
760 2164 1010 2205 clamantem
1038 2178 1192 2205 nomen
1218 2162 1384 2206 Orestis

278 2236 319 2265 10
402 2219 527 2260 traxit
552 2219 753 2261 inornatis
778 2220 820 2261 in
846 2235 921 2261 sua
946 2227 1056 2262 tecta
1081 2220 1224 2261 comis.

345 2276 497 2340 (μιίᾷὃ
473 2276 642 2317 srravius
669 2283 792 2332 capta
816 2276 1140 2318 Lacedaemone
1165 2292 1286 2318 serva
1311 2277 1515 2326 tulissem,

402 2333 435 2373 si
461 2311 627 2388 {iperet
653 2332 806 2375 Graias
831 2333 1012 2375 barbara
1036 2334 1160 2375 turba
1185 2333 1341 2374 nulus?

343 2389 510 2442 parcius
537 2389 866 2432 Andromachen
892 2390 1062 2432 vexavit
1084 2390 1252 2432 Acha'i'a
1277 2390 1439 2439 victrix,

401 2461 497 2487 cum
522 2446 701 2488 Danaus
726 2446 939 2502 Phrygias
964 2454 1102 2488 ureret
1127 2447 1237 2500 ignis
1263 2461 1377 2501 opes.

278 2517 318 2547 13
345 2510 385 2543 at
413 2512 477 2552 tu,
504 2517 604 2544 cura
627 2503 710 2545 mei
736 2504 769 2544 si
795 2511 835 2545 te
860 2504 930 2559 pia
954 2505 1108 2559 tangit,
1135 2492 1302 2552 Oreste,

400 2559 507 2600 inice
532 2574 616 2600 non
641 2560 842 2601 timidas
832 2576 874 2601 1n
900 2569 972 2602 tua
996 2561 1087 2602 iura
1111 2575 1275 2601 manus.

346 2631 396 2655 an
424 2616 551 2669 siquis
576 2617 710 2670 rapiat
736 2617 911 2658 stabulis
937 2625 1126 2659 armenta
1149 2617 1336 2665 reclusis,

401 2687 517 2712 arma
542 2672 818 2728 feras,1apta
844 2674 1022 2729 coniuge
1047 2675 1184 2716 lentus
1210 2673 1315 2715 eris?

345 2729 400 2769 sis
427 2728 565 2770 (socer
590 2731 782 2785 exemplo
809 2732 891 2785 est)
915 2738 1071 2786 nuptae
1097 2730 1296 2786 repetitor
1321 2729 1563 2784 ademptae:
